2572 3313
493 323 720 366 Difficilius
750 328 817 365 est
845 321 902 365 de
931 323 1053 366 hiatu
1083 324 1127 365 in
1156 328 1369 366 structura
1396 324 1717 379 participiorum
1749 322 1955 366 absoluta·
1972 322 2226 367 decernere.
2264 321 2372 369 Nun

289 418 421 459 quum
459 404 503 446 in
540 403 753 445 nonnullis
788 402 895 445 locis
930 403 1158 447 meliorum·
1189 403 1395 446 librorum
1432 404 1644 458 scriptura
1682 404 1826 447 hiatu·
1859 409 2134 447 removeatur
2167 416 2250 446 non
2280 405 2373 447 sine

288 486 390 526 vitii
430 486 671 539 suspicione
713 485 945 526 inhaerere
988 485 1166 528 videtur
1208 485 1382 527 ceteris.
1455 484 1527 526 Sic
1562 483 1710 538 Pomp.
1738 486 1819 537 11,
1862 484 1913 530 16
1950 484 2161 527 edebatur
2205 481 2287 526 τοῦ
2327 482 2372 525 δὲ

292 560 562 620 πράγματος
589 565 829 618 γενομένου
860 561 1088 622 φανεροῦ,
1134 562 1256 614 ἔδοξε
1285 567 1382 612 τοῖς
1411 557 1561 612 ἄλλοις
1590 560 1729 605 πᾶσιτ
1771 564 1852 606 sed
1882 577 1934 605 ex
1961 564 2082 609 libris
2112 563 2278 605 duobus
2300 576 2375 607 -re-

289 645 413 698 posui
451 645 704 698 scripturam
743 644 874 685 etiam
913 644 1134 697 Stephano
1175 643 1386 699 cognitam
1435 638 1545 694 δόξα
1584 647 1680 691 τοῖς
1715 636 1867 691 ἄλλοις
1903 646 2105 698 παρέστη
2139 640 2282 684 πᾶσιε
2331 643 2375 683 in

289 725 408 766 Arat.
429 722 486 767 38
526 715 654 765 οὗτοι
692 717 780 779 γὰρ
819 720 1046 772 ἐπιέζοντο
1085 718 1284 779 μάλιστα
1314 721 1502 779 συνεχῶς
1532 720 1597 777 τῷ
1627 722 1807 776 πολέμῳ
1825 751 1835 771 ,
1882 716 2077 776 ἄγοντος
2105 717 2271 770 αὐτοὺς
2301 721 2375 762 καὶ

291 806 515 862 φέροντος
540 801 623 844 τοῦ
643 801 925 857 Κλεομένους
955 826 1011 833 -
1041 803 1121 845 sed
1146 804 1328 857 optimu·
1354 803 1467 845 liber
1486 804 1866 859 sangermanensis
1896 793 2022 844 οὗτοι
2041 796 2129 857 γὰρ
2150 800 2375 853 ἐπιέζοντο

291 882 356 937 τῷ
396 883 577 937 πολέμῳ
616 879 816 937 μάλιστα
855 880 1046 939 συνεχῶς
1084 876 1291 938 ἄγοντος.
1350 885 1543 926 Demetr.
1572 881 1658 935 32,
1703 883 1755 929 16
1791 882 2017 940 legebatur
2055 883 2294 937 γενομένης
2331 880 2378 923 δὲ

291 963 448 1020 φιλίας
477 959 592 1018 πρὸς
615 963 908 1017 Πτολεμαῖον
938 959 1065 1017 αὐτῷ
1094 959 1167 1004 διὰ
1186 958 1436 1014 Σελεύκου,
1469 959 1748 1018 ὡμολογήθη
1776 986 1834 993 -
1863 963 1943 1005 sed
1969 962 2069 1003 libri
2100 963 2248 1017 optimi
2278 974 2377 1002 con-

290 1056 420 1085 sensu
451 1038 569 1097 πρὸς
598 1041 892 1096 Πτολεμαῖον
923 1037 997 1083 διὰ
1026 1037 1252 1083 Σελεύκου
1283 1043 1437 1099 φιλίας
1466 1039 1591 1095 αὐτῷ
1608 1072 1618 1091 ,
1664 1038 1969 1096 ὡμολογήθη,
2017 1056 2128 1094 quae
2157 1042 2377 1083 fluctuatio

291 1122 389 1163 vim
419 1122 708 1176 suspicionem
738 1126 899 1162 movet.
958 1122 1004 1162 in
1035 1120 1129 1161 aliis
1157 1134 1241 1161 non
1273 1122 1399 1162 deest
1428 1122 1649 1162 commoda
1679 1121 1936 1162 emendandi
1964 1122 2103 1161 ratio:
2146 1133 2244 1161 nam
2272 1120 2377 1161 Luc.

292 1202 347 1249 8,
381 1201 436 1244 20
463 1196 705 1256 Ἀρχελάου
736 1199 1163 1254 διαβεβαιουμένου,
1204 1196 1421 1258 ὀφθέντα
1446 1195 1744 1241 Λούκουλλον
1772 1201 1819 1240 ἐν
1847 1193 2019 1252 ΙΙόντῳ
2050 1193 2234 1240 πάντων
2264 1194 2379 1253 ὁμοῦ

294 1277 533 1335 κρατήσειν
561 1303 622 1311 -—
651 1294 745 1321 cum
774 1293 927 1335 magno
944 1308 957 1332 ‚
993 1281 1039 1322 ni
1068 1279 1222 1331 fallor,
1261 1280 1507 1321 sententiae
1534 1278 1650 1320 lucro
1681 1290 1847 1319 mecum
1878 1279 2066 1333 corriges
2097 1276 2379 1332 διαβεβαιου-

291 1362 432 1413 μένου
460 1355 606 1413 μόνον
637 1354 850 1417 ὀφθέντα
878 1381 958 1399 —-.
1020 1359 1110 1400 Sed
1148 1360 1349 1411 quoniam
1385 1364 1483 1399 sunt
1513 1359 1664 1410 quibus
1693 1371 1777 1400 non
1808 1363 1895 1398 tam
1924 1357 2064 1399 facilis
2093 1357 2307 1399 medicina
2335 1358 2380 1398 in

293 1444 491 1493 promptu
518 1440 574 1479 sit
592 1437 691 1478 nolo
712 1439 756 1478 in
776 1437 953 1493 singulis
983 1438 1266 1479 emendandis
1294 1438 1529 1492 periclitari
1558 1438 1803 1491 priusquam
1824 1436 1892 1478 Tu
1922 1437 2027 1478 mihi
2057 1437 2380 1493 significaveris,

293 1520 351 1559 mi
383 1518 574 1572 Sauppi‚
619 1517 724 1570 quid
753 1517 855 1557 Tibi
886 1517 942 1558 de
972 1518 1056 1557 hoc
1085 1529 1246 1571 genere
1276 1517 1490 1557 videatur.
1549 1516 1698 1569 ltaque
1735 1517 1838 1557 satis
1874 1517 2016 1557 habeo
2045 1516 2235 1569 reliquos
2262 1515 2380 1557 locos

292 1598 538 1647 indicasse3
569 1602 668 1639 sunt
696 1601 842 1638 autem
871 1596 946 1637 hi:
977 1595 1171 1637 Marcell.
1198 1596 1261 1646 10,
1292 1595 1340 1639 21
1377 1590 1700 1649 ἀσπασαμένου
1731 1595 1842 1636 ποτέ
1874 1593 1956 1636 τοῦ
1985 1593 2187 1636 Βανδίου
2217 1596 2270 1649 (,)
2301 1592 2379 1636 αὐ-

295 1674 377 1719 τὸν
408 1673 622 1733 ἠρώτησε.
683 1678 778 1718 Nic·
805 1676 879 1728 19,
910 1677 938 1720 2
968 1678 1015 1717 έν
1046 1671 1191 1729 τούτῳ
1221 1674 1268 1716 δὲ
1299 1673 1459 1731 καιροῦ
1488 1670 1719 1731 παρόντος
1749 1673 1830 1717 τοῦ
1860 1670 2067 1733 κινδύνου
2097 1675 2151 1730 (,)
2182 1671 2381 1735 ἀφικνεῖ-

296 1772 369 1798 ται
397 1752 642 1810 Γογγύλος.
685 1758 828 1797 Crass·
852 1756 915 1806 12,
938 1756 964 1799 2
996 1753 1077 1796 τοῦ
1097 1755 1347 1809 Πομπηΐου
1368 1750 1572 1797 αὐτόθεν
1590 1755 1664 1797 ἐπὶ
1686 1751 1768 1805 τὴν
1793 1751 2012 1797 ὑπατείαν
2032 1755 2309 1809 καλουμένου
2329 1757 2380 1809 (,)

293 1836 478 1885 ἐλπίδας
509 1836 620 1891 ἔχων
652 1831 676 1876 ὁ
696 1830 909 1890 Κράσσος
939 1829 1193 1891 συνάρξειν,
1226 1835 1301 1888 qui
1328 1833 1447 1875 locus
1478 1835 1609 1876 etiam
1639 1833 1723 1875 alio
1755 1848 1896 1888 eoque
1918 1835 2168 1890 gravissimo
2190 1848 2241 1875 ac
2261 1849 2381 1889 pror-

295 1931 367 1959 sus
399 1914 663 1957 intolerabili
692 1916 813 1955 hiatu
843 1919 1063 1968 corruptus
1093 1919 1176 1955 est.
1226 1915 1384 1956 Anton.
1403 1914 1460 1959 66
1490 1910 1741 1969 ἀρχομένου
1771 1912 1817 1955 δὲ
1849 1912 1931 1955 τοῦ
1960 1910 2133 1968 ἀγῶνος
2161 1915 2209 1956 ἐν
2233 1914 2384 1971 χερσὶν

296 1992 437 2043 εἶναι,
488 1994 677 2047 ἐμβολαὶ
711 1994 795 2047 μὲν
832 1990 912 2034 οὐκ
949 1983 1065 2042 ἦσαν
1098 2016 1157 2026 -
1192 1995 1312 2035 Atat.
1333 1993 1389 2037 30
1426 1989 1682 2049 στρατηγὸς
1715 1989 1864 2052 ᾑρέθη
1894 1994 1962 2047 (,)
1992 1988 2384 2050 ἀντιπράττοντος

294 2070 504 2127 Ἀράτου.
564 2074 785 2115 Postremo
822 2086 1106 2114 commemoro
1136 2073 1292 2115 Anton-
1314 2071 1370 2117 25
1408 2067 1663 2127 ἁπτόμενος
1692 2071 1776 2114 τοῦ
1804 2072 2058 2127 Παρθικοῦ
2088 2073 2286 2127 πολέμου
2316 2075 2383 2126 (,)

297 2155 494 2208 έπεμψε,
542 2153 661 2193 cuius
698 2165 784 2193 non
821 2152 956 2206 magis
995 2156 1098 2206 puto
1136 2152 1292 2193 iustam
1320 2153 1364 2191 in
1394 2153 1738 2205 interpunctione
1770 2157 1814 2192 et
1841 2165 2004 2205 pausa,
2048 2154 2085 2193 si
2115 2153 2198 2194 diis
2225 2152 2384 2207 placet,

297 2233 615 2274 excusationem
648 2244 745 2272 esse
777 2244 904 2283 quam
923 2230 1079 2271 Pericl.
1099 2232 1151 2282 6,
1182 2231 1239 2275 26
1269 2231 1313 2271 οὶ
1342 2230 1388 2271 δὲ
1419 2229 1499 2281 τῆς
1528 2231 1678 2279 αὶτίας
1708 2226 1791 2280 τὴν
1820 2226 1987 2286 εὕρεσιν
2017 2227 2244 2287 ἀναίρεσιν
2273 2227 2384 2274 εἶναι

293 2313 496 2366 λέγοντες
527 2309 610 2351 τοῦ
640 2311 823 2365 σημείου
853 2310 907 2364 (,)
939 2306 1021 2352 οὐκ
1051 2307 1319 2352 ἐπινοοῦσιν.
1379 2310 1487 2351 Nam
1516 2311 1599 2351 ista
1627 2311 1811 2352 subiecti
1841 2323 1868 2351 a
1896 2311 2031 2352 verbo
2061 2324 2138 2352 suo
2167 2312 2383 2365 separatio

293 2406 378 2432 non
416 2392 553 2432 minus
583 2391 760 2432 videtur
794 2396 943 2431 rectae
972 2391 1132 2431 rationi
1161 2390 1385 2432 adversari
1414 2403 1541 2443 quam
1572 2390 1800 2432 disiunctio
1830 2391 2019 2443 obiecti,
2065 2391 2184 2431 cuius
2213 2390 2384 2446 generis

296 2472 339 2509 in
371 2469 641 2510 Plutarcheis
669 2469 786 2510 locos
815 2470 1104 2510 animadverti
1134 2469 1270 2520 duos,
1303 2468 1465 2521 Agesil·
1486 2470 1563 2520 28,
1594 2471 1621 2512 5
1652 2465 1904 2524 ἠρώτησεν,
1946 2472 1981 2511 εὶ
2010 2467 2184 2523 νομίζοι
2213 2468 2387 2513 δίκαιον

296 2546 408 2589 εἶναι
439 2548 515 2589 καὶ
544 2545 643 2589 ἴσον
674 2544 1035 2601 αὐτονομεῖσθαι
1066 2542 1150 2598 τὴν
1174 2546 1417 2588 Βοιωτίαν.
1476 2543 1894 2604 Ἀντερωτῄσα-ντος
1923 2546 1969 2589 δὲ
2000 2545 2082 2588 τοῦ
2110 2543 2386 2602 Ἐπαμινών-

298 2627 378 2668 δου
416 2622 530 2682 ταχὺ
566 2627 644 2667 καὶ
682 2621 1061 2682 τεθαρρηκότως,
1108 2628 1144 2667 εὶ
1179 2623 1380 2674 κάκεῖνος
1409 2624 1552 2668 οἴεται
1580 2626 1755 2668 δίκαιον
1784 2622 1897 2667 εἶναι
1926 2626 1997 2679 (,)
2027 2622 2386 2680 αὐτονομεῖσθαι

298 2702 381 2755 τὴν
411 2702 709 2755 Λακωνικήν,
750 2707 796 2745 in
824 2707 1045 2747 sententia
1072 2705 1181 2746 nihil
1211 2711 1279 2747 est
1307 2706 1423 2758 quod
1453 2706 1666 2757 offendat,
1705 2705 1786 2748 sed
1815 2704 1930 2759 quod
1958 2704 2058 2746 libri
2087 2705 2173 2748 duo
2203 2704 2385 2748 alterum

295 2785 412 2827 istud
441 2780 553 2825 εἶναι
583 2786 783 2826 omittunt
809 2798 952 2826 nonne
982 2786 1046 2826 sic
1066 2784 1266 2826 dicemus
1280 2790 1572 2840 comparatum
1593 2798 1690 2827 esse
1708 2813 1721 2837 ‚
1753 2789 1800 2826 ut
1819 2786 1995 2841 egregie
2016 2789 2203 2826 nostram
2226 2784 2385 2825 doctri-

294 2877 397 2905 nam
428 2864 735 2906 commendet?
765 2863 877 2906 alter
904 2863 1023 2905 locus
1055 2869 1123 2905 est
1139 2865 1363 2905 Demosth.
1389 2866 1427 2916 1,
1448 2866 1472 2909 7
1505 2861 1636 2906 οὐδὲν
1665 2863 1892 2922 διαφέρειν
1920 2860 2120 2918 ἡγοῦμαι
2137 2863 2192 2918 (,)
2219 2858 2386 2916 ἀδόξου

293 2943 371 2987 καὶ
411 2941 622 2995 ταπεινῆς
660 2942 881 3001 πατρίδος
919 2937 948 2993 ἤ
984 2939 1160 2999 μητρὸς
1197 2939 1414 3003 ἀμόρᾳου
1442 2944 1519 2987 καὶ
1547 2942 1713 3000 μικρᾶς
1739 2943 1985 3000 γενέσθαι,
2035 2956 2164 2998 quem
2194 2955 2277 2999 ego
2307 2941 2386 2984 ali·
