2572 3313
1054 191 1497 241 „fin--

232 319 300 361 αἱ
334 318 392 362 ad
430 318 706 376 propaganda
744 319 800 361 ad
837 316 1103 375 posteritatis
1138 316 1386 363 memoriam
1421 320 1580 374 scripta
1609 317 1878 377 contigerunt
1906 333 1989 363 nec
2019 321 2157 365 defuit
2186 322 2315 364 libra-

230 400 392 441 riorum
433 406 631 441 accurata
668 399 906 457 diligentia.
964 400 1181 443 Plutarchi
1221 400 1395 455 quidem
1432 400 1629 441 codicum·
1664 401 1893 456 scripturas
1924 413 2052 454 quum
2091 403 2315 445 considero

235 482 388 521 videor
424 482 529 520 mihi
568 494 621 520 ex
659 483 788 521 certis
828 483 996 522 indiciis
1026 481 1269 536 intelligere
1299 483 1384 521 iam
1416 482 1458 521 in
1489 494 1542 521 eo
1575 482 1725 522 codice
1756 495 1807 522 ex
1839 495 1921 534 quo
1952 488 2167 534 tamquam
2195 485 2317 524 fonte

236 561 387 602 relicui
418 574 564 600 omncs
595 561 822 602 derivandi
852 569 949 603 sunt
978 562 1196 602 librarium
1226 562 1343 602 haud
1372 575 1468 601 raro
1501 562 1692 602 ordinem
1724 564 1952 602 verborum
1984 563 2241 611 confudisse,
2270 572 2319 604 ut

236 642 284 682 fit
316 642 428 682 inter
458 641 759 692 scribendum,
807 643 861 684 ad
892 642 996 684 illud
1027 644 1151 684 unice
1182 643 1419 693 intentum,
1464 648 1511 683 ut
1541 655 1666 695 quam
1696 643 1842 683 verbis
1873 655 2115 697 expressam
2145 649 2320 685 senten-

235 723 339 763 tiam
371 727 516 763 mente
545 727 719 763 teneret
748 724 904 778 scripto
936 724 1171 765 mandaret.
1230 725 1449 765 Auxerunt
1476 723 1612 772 vitia,
1656 728 1705 764 ut
1740 730 2071 765 consentaneum
2103 729 2195 773 est,
2242 723 2318 765 de-

235 804 473 844 scribentes
515 817 566 844 ex
607 817 659 844 eo
706 805 854 845 codice
894 805 967 845 alii
1008 812 1053 845 et
1090 806 1195 845 item
1235 805 1336 855 alii,
1383 805 1496 857 quod
1536 810 1719 845 testatur
1757 805 1993 859 scripturae
2032 804 2320 860 discrepantia

236 886 535 937 apertissime,
582 886 634 925 iis
674 888 854 926 maxime
893 888 935 925 in
972 886 1076 925 locis
1116 888 1268 938 quibus
1304 899 1388 924 non
1427 885 1602 925 multum
1639 887 1821 926 interest
1857 892 1996 926 utrum
2035 886 2138 939 quid
2174 887 2235 925 sie
2265 899 2319 924 an

238 964 365 1005 aliter
393 966 543 1019 positis
572 967 719 1006 verbis
749 966 929 1007 dicatur.
990 969 1109 1019 Quae
1140 979 1270 1019 quum
1301 967 1361 1007 ita
1390 967 1475 1007 sint
1496 996 1508 1018 ,
1554 980 1682 1019 quum
1713 966 1813 1007 olim
1842 968 1999 1008 invitus
2031 980 2081 1008 ac
2109 979 2192 1007 non
2222 967 2318 1007 fere

235 1047 317 1085 nisi
354 1047 429 1086 u'bi
467 1046 552 1087 alia
587 1049 697 1087 ratio
736 1048 852 1088 nulla
889 1047 1040 1089 relicta
1075 1053 1192 1088 esset
1229 1048 1284 1088 ad
1315 1048 1398 1087 hoc
1428 1048 1687 1088 emendandi
1717 1061 1850 1103 genus
1881 1049 2163 1097 accederem,
2208 1060 2319 1087 nunc

235 1132 354 1167 tanto
385 1128 522 1167 minus
554 1128 702 1168 dubito
733 1129 775 1167 in
807 1129 1016 1168 eiusmodi
1045 1127 1150 1169 locis
1170 1130 1324 1182 quibus
1354 1128 1469 1170 solus
1488 1130 1583 1169 vitii
1612 1129 1806 1182 proditor
1833 1129 1974 1169 hiatus
2005 1135 2072 1169 est
2090 1129 2318 1169 verborum

235 1210 636 1263 transpositionibus
667 1211 751 1260 uti,
783 1223 866 1263 quo
897 1211 1068 1264 saepius
1098 1216 1173 1251 aut
1201 1187 1426 1252 Benseleri
1456 1217 1530 1251 aut
1558 1223 1675 1252 meas
1706 1209 1970 1250 coniecturas
2001 1211 2153 1263 quibus
2183 1210 2319 1251 verba

237 1291 619 1344 transponebamus
651 1303 676 1331 a
704 1290 823 1331 libris
852 1291 944 1331 vidi
975 1292 1259 1333 confirmatas.
1318 1293 1380 1333 Ac
1408 1291 1561 1332 videor
1590 1290 1693 1329 mihi
1724 1291 1917 1342 quamvis
1955 1303 2108 1346 magna
2135 1291 2192 1331 sit
2219 1289 2319 1331 Plu-

236 1370 375 1411 tarchi
412 1371 454 1410 in
492 1371 636 1411 verbis
673 1370 930 1412 collocandis
964 1371 1143 1413 licentia
1177 1372 1309 1414 multo
1341 1385 1416 1413 usu
1448 1383 1615 1412 sensum
1647 1369 1873 1423 quemdam
1903 1372 2121 1425 paravisse
2153 1385 2236 1425 quo
2274 1372 2318 1411 in

238 1452 378 1492 dubiis
406 1451 511 1491 locis
542 1451 723 1493 adiuver
761 1465 845 1492 non
876 1453 1169 1494 mediocriter.
1230 1454 1431 1494 Ceterum
1467 1451 1659 1506 pluribus
1695 1451 1805 1492 haec
1834 1452 1965 1503 Tibi,
2011 1453 2199 1506 Sauppi,
2246 1466 2319 1493 ex-

236 1534 359 1586 posui
397 1546 451 1572 ne
488 1539 653 1573 temere
690 1533 850 1573 factum
887 1540 1063 1587 putares
1094 1534 1207 1586 quod
1236 1534 1391 1587 passim
1422 1534 1463 1572 in
1496 1534 1786 1587 superioribus
1818 1545 1870 1572 eo
1903 1533 2214 1573 emendationis
2244 1546 2317 1588 ge-

235 1626 341 1652 nere
376 1627 471 1652 usus
502 1628 608 1652 sum.
660 1615 784 1666 Quod
807 1614 980 1666 quidem
1011 1627 1136 1666 quum
1166 1614 1208 1652 in
1238 1626 1400 1653 summa
1429 1613 1731 1666 probabilitate
1762 1620 1914 1652 natura
1943 1626 2020 1652 sua
2050 1614 2318 1653 arbitrarium

236 1696 291 1733 sit
327 1693 423 1733 nolo
462 1693 587 1747 plura
625 1693 822 1748 exempla
852 1708 1086 1750 congerere
1117 1708 1243 1746 quum
1275 1699 1321 1734 et
1350 1694 1445 1734 'l‘uo
1475 1695 1658 1748 tempori
1688 1707 1869 1748 parcere
1901 1694 2084 1734 debeam
2114 1706 2195 1734 nec
2224 1693 2317 1749 plus

237 1776 341 1815 mihi
372 1777 500 1829 spatii
532 1789 780 1815 concessum
809 1776 863 1815 sit
893 1789 1016 1828 quam
1047 1776 1161 1828 quod
1189 1777 1336 1830 paucis
1367 1776 1619 1828 quibusdam
1651 1777 2021 1816 observationibus
2051 1777 2250 1815 sufficiat.

444 1857 680 1897 Meministi
710 1872 778 1898 me
807 1871 935 1911 supra
965 1858 1077 1898 inter
1106 1863 1356 1913 argumenta
1385 1858 1538 1910 quibus
1568 1857 1779 1898 vocalium
1808 1871 2034 1899 concursus
2065 1857 2317 1897 damnabam

237 1940 369 1978 etiam
401 1936 507 1978 illud
538 1951 866 1978 commemorare
900 1939 1014 1990 quod
1044 1939 1167 1980 hians
1197 1937 1420 1978 multorum
1460 1937 1648 1978 locorum
1678 1939 1886 1992 scriptura
1917 1939 2046 1978 etiam
2077 1939 2317 1979 sententiae

238 2019 383 2071 aliquo
412 2019 518 2058 vitio
552 2018 818 2073 corruptelae
849 2025 1078 2075 arguatur,
1120 2026 1166 2059 ut
1196 2032 1324 2071 quum
1356 2019 1411 2059 de
1443 2019 1561 2059 hiatu
1593 2020 1908 2073 suspicarentur
1937 2017 2044 2058 nihil
2074 2019 2222 2058 vitium
2254 2026 2317 2059 ta-

238 2113 336 2139 men
377 2105 656 2151 agnoscerent
694 2100 883 2139 editores
924 2107 998 2140 aut
1034 2100 1231 2153 plerique
1270 2105 1344 2138 aut
1382 2112 1542 2140 omnes.
1603 2100 1734 2139 Cuius
1764 2100 2002 2154 argumenti
2034 2112 2116 2151 quo
2146 2101 2318 2153 gravius

235 2181 443 2220 fateberis
473 2180 637 2233 pondus
669 2194 786 2230 esse,
820 2194 872 2220 eo
903 2182 1040 2220 minus
1072 2180 1262 2234 intelligo
1295 2181 1641 2220 committendum
1674 2194 1768 2221 esse
1801 2188 1846 2220 ut
1878 2180 2081 2232 exemplis
2111 2194 2193 2220 non
2222 2195 2318 2234 pro-

238 2261 378 2300 batum
412 2259 639 2313 reliquisse
679 2260 797 2301 dicar
836 2267 909 2302 aut
949 2261 1150 2316 opinione
1187 2261 1328 2315 potius
1369 2273 1495 2314 quam
1531 2273 1581 2301 re
1619 2260 1769 2301 ductus
1810 2273 1905 2301 esse
1942 2260 2109 2301 videar.
2168 2261 2316 2314 ltaque

232 2341 335 2382 vide
357 2342 462 2381 mihi
482 2342 560 2382 lios
588 2341 705 2383 locos
734 2356 819 2383 non
850 2348 936 2384 tam
968 2349 1085 2383 certo
1108 2343 1292 2396 quodam
1324 2341 1497 2382 consilio
1530 2341 1690 2383 electos
1721 2348 1796 2382 aut
1823 2341 2013 2383 studiose
2045 2342 2318 2395 conquisitos,

231 2423 310 2463 sed
351 2436 374 2463 e
413 2423 606 2477 plurimis
644 2430 691 2464 ut
729 2426 911 2477 quisque
948 2438 995 2465 se
1036 2425 1248 2465 offerebat
1285 2430 1523 2477 excerptos.
1593 2422 1760 2462 Romul.
1789 2421 1840 2470 4,
1876 2423 1931 2465 ‘22
1977 2419 2118 2480 ταύτῃ
2159 2422 2204 2464 δὲ
2243 2426 2316 2465 καὶ

234 2500 402 2545 θύουσι
428 2499 641 2558 Ῥωμαῖοι
671 2506 745 2546 καὶ
772 2501 884 2561 χοὰς
913 2507 1112 2564 ἐπιφέρει
1141 2503 1224 2546 τοῦ
1250 2494 1509 2559 Ἀπριλλίου
1532 2498 1674 2558 μηνὸς
1693 2499 1807 2561 αὐτῇ
1830 2498 1853 2543 ὁ
1877 2501 1958 2543 τοῦ
1981 2497 2135 2555 ’Ἄρεος
2155 2501 2315 2558 ὶερεύς;

232 2586 326 2626 iure
356 2599 518 2626 summo
552 2586 783 2627 offendisse
814 2588 997 2627 arbitror
1027 2586 1248 2627 Reiskium
1277 2587 1322 2625 in
1353 2580 1469 2643 αὐτῇ
1497 2585 1749 2638 pronomine
1781 2586 1892 2624 omni
1923 2587 2088 2626 ratione
2112 2586 2315 2627 destituto

231 2666 519 2720 damnatoque
550 2667 644 2721 ipsa
673 2666 747 2707 illa
777 2666 851 2707 καὶ
880 2666 1116 2721 particulae
1146 2667 1393 2707 iteratione.
1450 2664 1539 2706 Sed
1568 2664 1767 2705 Reiskius
1798 2665 1911 2717 quod
1942 2660 2097 2723 πρώτῃ
2126 2667 2314 2720 suspica-

232 2748 358 2788 batur
394 2748 693 2805 corrigendum
733 2760 829 2789 esse
863 2760 941 2802 pro
979 2743 1121 2805 αὐτῇ,
1167 2761 1251 2788 non
1290 2745 1526 2802 probabilis
1565 2758 1620 2787 ea
1657 2746 1840 2800 suspicio
1879 2752 1973 2795 est,
2019 2747 2133 2800 quod
2172 2753 2316 2802 potest

231 2831 361 2868 etiam
394 2843 445 2869 ex
476 2828 624 2869 moral.
656 2830 769 2871 ‘27:3-
807 2828 1019 2883 intelligi:
1069 2828 1198 2869 multo
1238 2828 1503 2887 probabilior
1537 2826 1758 2868 Benseleri
1798 2830 2043 2868 coniectura
2078 2841 2312 2882 pronomen

231 2909 430 2949 delentis.
491 2913 573 2957 At,
620 2911 808 2958 dixeris,
850 2911 931 2948 hoc
962 2916 1027 2949 est
1056 2923 1132 2963 pro
1163 2910 1344 2950 libidine
1375 2915 1594 2949 statuere:
1638 2921 1720 2947 non
1754 2915 1846 2960 est,
1886 2910 1942 2948 mi
1971 2909 2149 2963 Sauppi.
2206 2910 2312 2949 Nam

224 2988 422 3046 diligenti
458 2992 650 3031 instituto
688 2990 877 3031 locorum
918 2992 1102 3031 omnium
1141 2992 1296 3044 quibus
1332 2984 1473 3037 αὐτὸς·
1505 3001 1738 3043 pronomen
1778 2991 1823 3030 in
1860 2990 1980 3031 hiatu
2019 2991 2309 3044 positumest
