2572 3313
982 162 1096 172 ...-
1314 162 1427 172 ..-

1174 135 1244 203 ᾖ

174 283 199 312 a
227 280 295 311 me
326 260 569 310 observati,
614 271 711 302 nam
750 256 877 312 quem
910 258 1049 302 locum
1083 259 1181 315 quis
1217 259 1378 302 addere
1414 265 1560 315 posset
1597 259 1893 301 duodecimum
1924 259 2074 314 Pomp.
2098 257 2179 311 14,
2209 260 2237 305 2

171 328 326 398 ὑπάτῳ
363 336 451 398 γὰρ
484 333 516 391 ἢ
556 337 796 396 στρατηγῷ
828 334 981 395 μόνῳ,
1024 333 1145 395 ἄλλῳ
1174 338 1220 381 δὲ
1252 336 1395 390 οὐδενὶ
1426 337 1603 381 δίδωσιν
1632 337 1657 381 ὁ
1686 336 1825 394 νόμος
1854 364 1911 370 —-
1940 340 2235 395 corrigendum

169 431 268 484 puto
307 420 533 471 scribendo
570 415 715 475 μόνον
753 421 813 462 exv
838 419 959 462 libris
984 420 1161 469 ‘duobus
1199 432 1336 476 nuper
1372 420 1428 462 ad
1461 433 1529 461 me
1570 418 1723 461 allatis.
1795 422 1889 461 Non
1929 421 2238 475 comprehendi

169 511 309 547 autem
339 501 411 543 illo
441 514 619 542 numero
651 501 778 542 Caes.
804 501 852 544 17
870 529 882 553 ‚
921 500 974 545 47
1011 524 1068 532 -—
1101 493 1291 542 Ὄππιον
1328 499 1544 544 ἐκέλευσεν
1581 496 1939 542 ἀναπαύσασθαι
1955 515 1965 526 ·
2012 494 2152 548 αὐτὸς
2191 499 2237 541 δὲ

166 579 281 639 μετὰ
311 579 400 622 τῶν
430 574 575 621 ἄλλων
603 575 692 621 ὑπὸ
724 578 789 634 τῷ
818 579 1077 635 προστεγίῳ
1099 577 1179 632 τῆς
1207 575 1360 637 θύρας
1387 575 1651 629 ἐκάθευδεν,
1684 581 1875 635 quamvis
1904 580 1965 622 sic
1994 581 2236 636 scripserim

169 665 301 705 verba
332 674 383 702 ex
412 661 547 701 PCM
573 675 650 715 pro
680 659 796 717 vulg.
834 656 1223 701 ἀναπαύσασθαι·
1266 655 1382 715 μετὰ
1417 659 1463 701 δὲ
1496 657 1585 702 τῶν
1615 653 1759 701 ἄλλων
1790 656 1939 709 αὐτός.
2008 661 2115 701 Nam
2154 662 2236 702 etsi

169 756 307 785 meum
346 741 538 781 ordinem
575 742 669 796 ipsa
703 742 813 781 ratio
851 741 1024 782 videtur
1059 739 1306 796 postulare,
1358 746 1504 782 tamen
1540 741 1585 780 in
1623 740 1814 781 codicum
1851 741 2127 782 fluctuatione
2164 753 2236 781 res

166 835 249 864 non
279 825 345 862 est
375 825 494 862 extra
524 820 855 861 controversiam
882 822 1050 876 posita,
1090 834 1218 873 quum
1247 820 1443 876 vulgatus
1474 820 1577 859 ordo
1607 821 1678 859 vix
1706 826 1871 861 temere
1902 822 2002 859 oriri
2032 822 2235 874 potuerit,

165 899 381 941 Plutarchi
415 884 563 955 'autem
603 900 733 941 etiam
773 898 876 940 alibi
911 912 1064 956 magna
1098 900 1154 941 sit
1189 900 1233 941 in
1271 899 1549 941 collocatione
1579 900 1807 941 verborum
1836 898 2027 941 licentia.
2085 899 2236 940 Tertia

166 982 332 1035 species
359 981 655 1035 negativarum
686 985 779 1029 est,
825 979 943 1019 cuius
972 980 1082 1019 haec
1111 979 1200 1019 sola
1230 981 1502 1034 reperiuntur
1533 978 1755 1033 exempla,
1801 992 1910 1032 quae
1943 980 2033 1034 ipsa
2064 992 2234 1032 quoque

167 1061 319 1116 corrigi
347 1065 524 1115 possunt
551 1058 782 1100 facillime:
819 1059 969 1113 Pyrrh.
995 1060 1074 1122 10,
1098 1059 1160 1103 2‘20
1189 1055 1269 1100 οὐκ
1298 1055 1506 1114 ἐβούλετο
1537 1056 1602 1114 τῷ
1632 1054 1805 1115 ΙΙύρῥῳ
1836 1065 2136 1115 προςπταῖσαι
2169 1062 2235 1114 (,)

167 1137 266 1183 οὐδὲ
306 1135 553 1200 ἀπολιπεῖν.
614 1139 719 1180 Sull.
740 1139 789 1183 31
813 1169 826 1192 ,
864 1138 920 1183 29
964 1132 1065 1181 οὔτε
1094 1133 1203 1187 ναὸς
1229 1129 1286 1190 ἦν
1314 1134 1525 1195 καθαρὸς
1552 1138 1669 1180 θεοῦ
1699 1141 1768 1193 (,)
1800 1132 1901 1179 οὔτε
1931 1141 2070 1181 ἑστία.
2129 1141 2235 1181 Nam

163 1219 325 1277 Poplic.
350 1219 430 1272 13,
471 1221 524 1265 16
565 1221 690 1277 tetigi
718 1232 846 1274 supra
876 1225 921 1261 et
949 1220 1075 1261 Num.
1105 1219 1160 1271 9,
1198 1220 1254 1263 24
1282 1218 1453 1273 μᾶλλον
1483 1215 1527 1261 δ’
1562 1215 1836 1278 ἱεροφάντου
1868 1215 1996 1270 τάξιν
2025 1221 2135 1276 ἔχει,
2183 1218 2235 1261 oi·

163 1296 314 1354 μόνων
349 1324 407 1333 -
443 1300 692 1355 recipienda
721 1299 930 1354 Stephani
959 1301 1168 1355 scriptura
1195 1314 1306 1340 nunc
1332 1299 1451 1340 libris
1482 1301 1728 1341 confirmata
1765 1296 1894 1351 τάξιν
1923 1297 2099 1356 εἴληχεν.
2161 1301 2235 1341 llla

165 1387 308 1422 autem
337 1381 373 1422 si
402 1386 521 1422 recte
552 1380 714 1421 habent
742 1380 934 1432 sequitur
969 1380 1311 1434 interpunctione
1343 1393 1437 1420 csse
1468 1381 1732 1436 seiungenda
1770 1382 1812 1420 in
1845 1394 1970 1433 quam
2010 1394 2101 1421 rem
2138 1387 2236 1421 utor

162 1460 256 1499 loco
297 1461 451 1499 Anton.
480 1457 534 1500 43
577 1455 784 1499 καθόλου
819 1458 902 1513 μὲν
937 1453 1023 1516 γὰρ
1073 1452 1175 1502 οὕτῗ
1229 1454 1413 1507 ἀλκαῖς
1456 1452 1554 1500 οὔτ’
1597 1455 1875 1515 ὑπομοναῖς
1923 1452 2024 1502 οὔτ’
2075 1454 2235 1513 ἡλικίᾳ

165 1534 479 1595 λαμπρότερον
523 1532 657 1588 ἄλλος
704 1534 997 1595 αὐτοκράτωρ
1041 1534 1242 1595 στρατὸν
1279 1539 1445 1581 ἐκείνου
1484 1538 1602 1580 δοκεῖ
1639 1538 1933 1594 ‹rvvasttyewz
1981 1553 2078 1580 nam
2119 1542 2234 1593 quod

166 1614 322 1667 ἀλκαῖς
348 1611 449 1661 οὕτε
476 1613 727 1674 ὑπομοναῖς
751 1611 853 1661 οὕτε
882 1620 1061 1675 scripsit,
1090 1621 1271 1675 scripsit,
1302 1621 1453 1674 opinor
1474 1621 1587 1673 quod
1617 1616 1727 1678 ἀλκῇ
1748 1622 1800 1673 (,)
1822 1614 1923 1661 οὔτε
1954 1617 2158 1678 ὑπομονῇ
2179 1622 2233 1673 (,)

167 1692 268 1739 οὕτε
296 1721 353 1730 -
380 1678 657 1754 improbaret.
717 1698 916 1739 Solitaria
951 1700 1061 1740 haec
1098 1699 1292 1754 exempla
1326 1705 1454 1740 sunt:
1505 1701 1645 1740 Crass.
1668 1700 1722 1751 2,
1761 1700 1816 1742 30
1851 1693 1994 1741 ὄντων
2029 1696 2072 1740 δ’
2108 1695 2233 1754 αὐτῷ

165 1773 444 1832 παμπόλλων
486 1775 730 1836 ἀργυρείων
749 1809 761 1829 ,
817 1774 1124 1834 πολυτιμήτου
1162 1777 1209 1821 δὲ
1248 1774 1399 1836 χώρας
1436 1780 1512 1821 καὶ
1551 1778 1642 1822 τῶν
1680 1778 1983 1836 ἐργαζομένων
2020 1782 2066 1822 ἐν
2103 1776 2231 1840 αὐτῇ,

166 1854 286 1912 ὅμως
315 1852 372 1901 ἄν
402 1874 470 1908 τις
497 1854 715 1914 ἡγήσαιτο
735 1882 794 1892 -
812 1858 975 1902 Lucull.
996 1860 1066 1911 37,
1090 1861 1142 1903 10
1171 1860 1347 1901 ἔπεισαν
1368 1854 1454 1901 τὸν,
1477 1858 1622 1914 δῆμον
1650 1862 1895 1916 ἐπιτρέψαι
1913 1858 2231 1916 θριαμβεῦσαι,

166 1935 271 1992 οὐχ,
319 1934 459 1993 ὥςπερ
492 1939 626 1988 ἐ’νιοι,
670 1933 798 1992 μήκει
828 1952 875 1979 τε
904 1936 1089 1993 πομπῆς
1116 1962 1172 1969 -
1203 1934 1371 1994 ὀχλώδη
1399 1936 1651 1994 θρίαμβον.

364 2017 557 2060 Alterum
585 2032 719 2074 genus
747 2017 1023 2060 relativorum
1053 2024 1118 2061 est
1143 2024 1187 2061 et
1205 2020 1497 2074 pronominum
1518 2024 1563 2059 et
1582 2018 1913 2068 adverbiorum3
1941 2020 2236 2074 pronominum

165 2096 259 2137 dico
289 2096 395 2139 talia
424 2097 551 2153 quale
584 2104 649 2140 est
677 2099 799 2139 Rom.
821 2098 889 2151 29,
923 2100 976 2142 10
1005 2095 1032 2150 ἡ
1063 2095 1107 2140 δ’
1141 2094 1310 2157 ἡμέρα,
1343 2090 1369 2159 ᾗ
1398 2094 1678 2153 μετήλλαξεν,
1712 2099 1829 2139 cuius
1860 2100 2236 2153 septendecim

166 2182 331 2220 exstant
360 2178 575 2234 exempla,
604 2179 683 2220 sed
712 2184 759 2220 ut
788 2192 915 2220 unum
946 2183 992 2221 et
1021 2178 1202 2222 alterum
1230 2181 1272 2220 in
1301 2178 1502 2220 librorum
1530 2179 1744 2220 varietate
1774 2184 2016 2232 suspectum
2047 2180 2129 2229 sit3
2160 2180 2237 2220 ad-

164 2258 407 2300 verbiorum
445 2257 641 2314 exempla
680 2259 877 2312 quoniam
916 2272 997 2301 nec
1033 2258 1166 2301 multa
1197 2265 1295 2300 sunt
1327 2272 1408 2300 nec
1447 2259 1587 2299 omnia
1616 2259 1788 2313 generis
1819 2259 2012 2299 eiusdem
2041 2264 2235 2312 praestat

164 2336 328 2391 singula
357 2337 566 2379 attulisse.
631 2338 740 2378 Sunt
768 2339 897 2394 igitur
925 2339 1007 2379 nisi
1037 2339 1152 2392 quod
1182 2352 1249 2380 me
1279 2338 1389 2393 fugit
1416 2339 1542 2378 haec.
1611 2338 1720 2377 Cim.
1741 2337 1797 2388 6,
1834 2337 1891 2380 36
1929 2339 2230 2391 αἰνιττομένη,

167 2410 225 2460 ὠς
253 2415 363 2457 ἔοικε
380 2439 439 2448 -
456 2416 620 2458 Lucull.
642 2416 711 2468 41,
736 2418 787 2460 15
818 2417 918 2473 περὶ
949 2414 1115 2460 τούτου
1132 2449 1142 2468 ,
1174 2413 1235 2467 ὥς
1264 2411 1377 2465 εἰκὸς
1404 2440 1484 2468 -,
1514 2417 1558 2456 in
1590 2417 1742 2469 quibus
1772 2420 1819 2456 ut
1847 2417 1891 2456 in
1922 2422 2073 2471 aperta
2101 2429 2235 2472 pausa

163 2506 249 2532 non
278 2494 475 2547 offendo3
504 2498 854 2552 sed‘suspectum
883 2499 1024 2539 habeo
1055 2499 1164 2538 Fab.
1183 2499 1244 2538 M.
1264 2499 1314 2548 8,
1344 2497 1399 2541 23
1427 2492 1612 2551 ’Λννιβᾳ
1631 2493 1810 2551 παρέξει
1828 2519 1884 2526 —-
1901 2491 2068 2552 χρόνον
2096 2485 2235 2544 αὖθις

164 2574 212 2612 ὲκ
232 2570 407 2627 Λιβύης
432 2579 590 2633 ἑτέραν
620 2572 810 2632 δύναμιν
837 2577 1164 2632 προςγενέσθαι
1183 2578 1246 2631 (,)
1268 2573 1324 2625 ὡς
1343 2575 1588 2632 κρατοῦντι
1609 2574 1688 2626 τῆς
1712 2572 1923 2624 Ἰταλίας,
1957 2591 2083 2628 quum
2105 2578 2237 2617 etiam

162 2652 207 2690 in
227 2657 441 2695 sententia
459 2658 515 2698 sit
534 2657 649 2710 qnod
669 2657 907 2712 displiceat.
952 2658 1088 2699 Recte
1119 2671 1224 2698 vero
1251 2658 1414 2698 habere
1443 2656 1617 2697 videtur
1637 2654 1804 2696 Camill.
1829 2656 1905 2708 10,
1927 2655 1949 2699 7
1983 2652 2118 2709 κοινῷ
2148 2651 2235 2710 γὰρ

164 2728 356 2784 ἐχρῶντο
394 2732 458 2789 τῷ
497 2733 748 2778 διδασκάλω
765 2768 775 2787 ,
823 2733 963 2792 ὥςπερ
995 2733 1220 2788 Ἕλληνες,
1267 2736 1309 2778 οἱ
1342 2734 1582 2791 Φαλέριοι,
1629 2737 1758 2776 miror
1790 2740 1934 2776 tamen
1965 2734 2238 2777 Plutarchum

163 2821 247 2849 non
291 2814 507 2868 scripsisse
554 2813 766 2874 καθάπερ
785 2849 795 2867 ,
841 2832 940 2859 nam
979 2818 1094 2872 quod
1130 2832 1259 2860 unum
1294 2818 1529 2872 comparari
1561 2817 1696 2871 possit
1732 2818 1851 2858 Arat.
1880 2814 1935 2858 45
1976 2812 2123 2858 πολλὰ
2160 2811 2241 2857 τὸν

159 2881 357 2943 ’Ἀρατον
386 2890 554 2946 ἐλύπει,
587 2893 728 2953 ὥςπερ
761 2892 814 2938 τὸ
836 2898 935 2952 περὶ
966 2896 1057 2939 τῶν
1087 2892 1267 2939 εἰκόνων
1294 2895 1499 2938 librorum
1519 2908 1748 2938 consensus
1769 2894 1924 2951 corrigi
1947 2895 2070 2937 iubet
2099 2891 2243 2938 ἐλύπει

1691 2976 1718 3020 2
