2572 3313
1100 167 1545 214 ..μω-μ.

279 291 441 334 debeat
478 292 523 332 in
564 289 684 333 δοκεῖ
720 290 877 345 corrigi
911 290 954 331 in
994 289 1184 332 editione
1223 305 1323 333 mea
1361 291 1613 347 significanti.
1686 290 1869 335 Restant
1894 297 1993 335 ,tres
2026 290 2140 346 loci,
2185 305 2360 347 quorum

280 371 449 413 Camill.
470 372 555 422 35,
586 369 641 415 24
666 370 778 411 ,ἐπεὶ
808 369 854 411 δὲ
884 363 1093 429 ᾔσθοντο
1125 364 1239 420 τοὺς,
1258 371 1497 425 πολεμίους
1526 369 1809 427 κρατοῦντας
1837 365 1947 422 ἤδη,
1996 368 2113 414 οὕτω
2152 372 2360 415 διέκειντο

278 449 528 506 μοχθηρῶς
557 445 646 490 ὑπὸ
677 448 939 503 πλησμονῆς
968 472 1025 480 -
1061 449 1265 491 facillime
1293 456 1437 504 potest
1467 464 1560 492 cum
1592 453 1750 493 ceteris
1780 451 1997 499 conciliffli
2033 453 2361 506 transpositione

279 532 361 572 hac
400 524 483 580 ἤδη
520 526 831 584 κρατοῦντας,
881 524 1000 570 οὕτω
1029 543 1119 569 —2
1163 530 1268 570 item
1304 529 1460 570 Timol.
1486 529 1568 577 36,
1601 529 1651 573 17
1690 527 1904 584 καθάπερ
1941 554 2000 562 —-
2039 535 2135 579 τοῖς
2167 526 2360 585 Ὁμήρου

279 610 447 665 στίχοις
475 604 590 664 μετὰ
622 606 701 659 τῆς
730 605 868 659 ἄλλης
897 604 1124 663 δυνάμεως
1153 609 1227 653 καὶ
1253 605 1442 664 χάριτος
1472 604 1679 664 πρόςεστι
1709 604 1762 651 τὸ
1790 608 1935 665 δοκεῖν
1964 606 2145 666 εὐχερῶς
2174 609 2252 666 καὶ,
2278 605 2360 664 ῥᾳ-

278 689 382 738 δίως
412 684 750 743 ἀπειργάσθαι,
793 683 936 736 οὕτως
965 684 1091 742 παρά
1121 712 1177 719 --
1207 689 1459 744 corrigendo
1490 683 1801 744 ἀπειργάσθαι
1829 689 1905 732 καὶ
1935 686 2112 746 ῥᾳδίως.
2172 689 2261 732 Sed
2289 689 2360 738 Al-

278 772 362 810 cib.
384 770 449 821 19,
476 771 528 813 18
558 764 800 817 ἀκούοντες
830 763 1098 826 ἀναφανδὸν
1127 763 1375 822 λεγόντων,
1417 763 1475 817 ὡς
1505 763 1579 812 δι’,
1598 763 1883 823 Ἀλκιβιάδην
1913 765 2234 824 στρατεύοιντο
2264 767 2361 810 δια·

278 846 470 892 πόντιον
508 850 585 891 καὶ
618 844 802 905 μακρὰν
836 848 1105 905 στρατείαν,
1150 842 1229 889 ἐὰν
1262 846 1309 890 δέ
1341 862 1408 897 τις
1438 844 1678 907 ἀγνωμονῇ
1707 848 1807 904 περὶ
1839 846 2031 898 τοῦτον,
2077 844 2217 898 εὐθὺς
2245 845 2362 891 ἀπο·

277 926 556 980 στήσεσθαι,
589 924 908 984 ἀνεθάρρουν,
945 930 1089 970 fateor
1116 926 1289 970 facilem
1319 941 1370 969 ac
1390 928 1667 984 ‘probabilem
1697 928 2042 984 emendationem
2072 942 2141 971 me
2170 942 2254 971 non
2284 930 2361 987 ha—

282 1011 414 1059 bere,
459 1014 508 1049 ιιι
544 1008 693 1048 doceri
722 1007 855 1049 velim
894 1009 969 1049 abs
999 1008 1094 1058 Te,
1138 1007 1327 1062 Sauppi,
1372 1008 1555 1062 aliisque
1593 1008 1762 1049 idoneis
1798 1010 1947 1050 harum
1977 1022 2121 1050 rerum
2150 1009 2362 1050 iudicibus

281 1101 409 1141 quam
447 1087 661 1128 rationem
698 1085 973 1127 Plutarchum
1010 1086 1054 1125 in
1093 1086 1160 1125 his
1198 1091 1427 1139 sequutum
1464 1100 1561 1128 esse
1598 1087 1844 1127 verosimile
1884 1088 1953 1126 sit·
2013 1088 2106 1127 Hoc
2141 1089 2272 1142 igitur
2310 1100 2362 1129 ex

278 1167 345 1208 Te
387 1180 549 1219 quaero
588 1166 770 1219 aliisque
809 1167 846 1206 si
884 1167 956 1219 qui
993 1166 1077 1205 sint
1114 1165 1185 1217 qui
1222 1166 1266 1206 in
1301 1178 1394 1206 rem
1430 1165 1548 1206 haud
1587 1179 1690 1207 sane
1719 1165 1863 1207 levem
1893 1169 1967 1205 aut
1994 1165 2267 1207 iniucundum
2297 1167 2360 1206 in·

281 1249 456 1301 quirere
487 1246 652 1297 velint,
692 1246 806 1298 quod
836 1246 879 1285 in
911 1243 1167 1299 amplissimo
1196 1245 1382 1286 vitarum
1413 1257 1546 1302 opere
1575 1234 1838 1299 paucissimis
1869 1245 2119 1297 quibusdam
2148 1245 2254 1286 locis
2285 1245 2360 1287 de·

278 1328 564 1384 prehenditur
593 1331 733 1368 utrum
764 1323 1011 1367 credibilius
1040 1325 1096 1366 sit
1126 1324 1178 1365 ab
1210 1324 1303 1380 ipso
1332 1322 1560 1367 Plutarcho
1592 1336 1686 1366 esse
1716 1324 1955 1379 profectum
1996 1337 2048 1365 an
2082 1330 2304 1380 peccatum
2336 1338 2361 1366 a

276 1409 491 1458 librariis,
522 1419 629 1460 quos
660 1404 876 1460 complura
908 1418 959 1446 ex
989 1405 1072 1447 hoc
1101 1417 1265 1461 genere
1298 1407 1534 1459 corrupisse
1566 1405 1963 1448 demonstravimus.
2307 1387 2311 1392 ⁸

481 1488 623 1539 Atque
664 1487 775 1526 haec
802 1486 974 1537 quidem
1007 1485 1062 1526 de
1093 1485 1214 1526 hiatu
1242 1490 1416 1539 propter
1445 1485 1832 1540 interpunctionem
1862 1484 1933 1526 vel
1963 1485 2145 1527 ferendo
2175 1484 2247 1527 vel
2276 1499 2359 1527 non

276 1567 460 1609 ferendo
500 1565 684 1607 dicenda
720 1565 995 1607 videbantur.
1085 1563 1286 1616 Sequitur
1325 1568 1371 1605 ut
1408 1563 1614 1618 exemplis
1653 1565 1898 1606 confirmem
1940 1565 2054 1618 quod
2090 1579 2218 1620 supra
2257 1565 2359 1617 dixi,

277 1649 381 1701 quid
420 1649 652 1687 interesset
689 1647 733 1685 iu
770 1646 854 1685 hoc
890 1657 1052 1700 genere
1098 1644 1211 1685 inter
1247 1645 1484 1688 orationem
1521 1642 1819 1687 Phtarcheam
1857 1650 1901 1686 et
1938 1659 2023 1686 non
2060 1645 2358 1687 Plutarcheam

276 1728 350 1769 vel
380 1728 562 1767 maxime
594 1738 807 1779 apparere
839 1738 891 1766 ex
921 1724 972 1764 iis
994 1735 1103 1776 quae
1134 1724 1187 1765 ab
1219 1722 1313 1769 aliis
1343 1725 1587 1768 auctoribus
1617 1729 1795 1780 accepta
1823 1725 1956 1779 ipsius
1987 1726 2170 1765 orationi
2198 1727 2360 1767 inserta

274 1809 541 1862 legerentur.
603 1806 734 1846 Cuius
771 1803 941 1860 generis
981 1808 1046 1845 est
1081 1801 1153 1844 lex
1180 1801 1255 1846 illa
1284 1802 1451 1845 Solonis
1480 1804 1525 1862 in
1555 1805 1647 1845 vita
1676 1806 1769 1845 eius
1793 1804 1868 1855 19,
1903 1806 1953 1847 17
1991 1806 2058 1845 his
2087 1807 2232 1847 verbis
2261 1820 2359 1860 per-

276 1888 464 1941 scripta:
495 1880 670 1939 ἀτίμων
701 1878 798 1928 ὅσοι
828 1877 983 1938 ἄτιμοι
1011 1872 1127 1935 ἦσαν
1154 1882 1261 1938 πρὶν
1286 1876 1313 1933 ἢ
1332 1879 1534 1924 Σόλωνα
1561 1877 1696 1939 ἄρξαι
1723 1885 1956 1936 ἐπιτίμους
1984 1881 2095 1926 εἶναι
2118 1880 2235 1935 πλὴν
2261 1880 2360 1928 ὅσοι

278 1965 324 2017 ἐξ
352 1962 525 2021 Ἀρείου
552 1960 700 2020 πάγου
729 1958 756 2015 ἢ
783 1959 881 2006 ὅσοι
901 1966 948 2005 ὲκ
972 1961 1061 2005 τῶν
1084 1960 1281 2023 Ἐφετιῦν
1307 1958 1333 2012 ἢ
1361 1966 1408 2004 ὲκ
1428 1964 1699 2018 πρυτανείου
1718 1962 2130 2016 καταδικασθέντες
2153 1959 2242 2008 ὑπὸ
2270 1962 2360 2008 τῶν

277 2045 497 2099 βασιλέων
535 2044 607 2087 ἐπὶ
646 2038 773 2103 φόνῳ
810 2038 838 2095 ἢ
869 2048 1117 2103 σφαγαῖσιν
1152 2038 1179 2094 ἢ
1210 2043 1283 2085 ἐπὶ
1315 2042 1546 2098 τυραννίδι
1575 2044 1745 2104 ἔφυγον
1774 2038 1849 2086 ὅτε
1877 2038 2050 2098 θεσμὸς
2079 2040 2224 2104 ἐφάνη
2255 2041 2358 2088 ὅδεε

279 2126 383 2180 quid
413 2126 503 2176 ais,
548 2124 738 2180 Sauppi,
782 2138 883 2166 num
915 2138 1014 2165 casu
1045 2124 1090 2165 id
1120 2125 1180 2163 sic
1208 2124 1369 2164 factum
1401 2137 1495 2165 esse
1525 2126 1768 2179 putabimus
1798 2138 1848 2167 ac
1877 2130 2042 2167 temere
2074 2125 2190 2179 quod
2218 2126 2261 2169 in
2291 2126 2358 2168 his

275 2206 423 2261 paucis
452 2203 711 2261 legislatoris
741 2206 887 2246 verbis
916 2204 1061 2259 plures
1092 2217 1142 2245 ac
1172 2204 1393 2259 graviores
1425 2206 1694 2247 continentur
1722 2205 1864 2246 hiatus
1895 2218 2022 2258 quam
2050 2206 2095 2248 in
2126 2206 2359 2249 coniunctis

276 2286 418 2327 adhue
444 2284 646 2341 leguntur
676 2283 843 2326 Solonis
874 2298 925 2325 ac
953 2283 1199 2339 Poplicolae
1230 2284 1359 2335 vitis,
1389 2282 1586 2338 plerique
1616 2283 1681 2327 illi
1708 2283 1781 2328 vel
1812 2298 1864 2329 ex
1891 2283 2012 2329 libris
2041 2283 2114 2328 vel
2144 2286 2358 2329 conlectu-

276 2378 351 2406 rae
383 2378 466 2419 ope
498 2365 796 2406 emendandi?
842 2365 1008 2406 Eadem
1038 2365 1148 2405 ratio
1179 2363 1474 2418 εὶςαγγελλίας
1503 2370 1570 2407 est
1598 2366 1642 2407 in
1671 2364 1810 2407 Alcib.
1827 2364 1902 2417 22,
1928 2365 1979 2408 15
2011 2370 2056 2406 et
2086 2364 2358 2419 epistolarum

275 2444 556 2497 quarumdam
585 2444 707 2485 velut
734 2445 856 2486 Bruti
884 2445 929 2485 in
960 2445 1053 2487 eius
1082 2446 1173 2485 vita
1204 2457 1241 2485 c.
1263 2444 1290 2489 2
1323 2443 1554 2486 Alexandri
1591 2444 1635 2487 in
1664 2445 1756 2486 vita
1776 2444 1845 2496 22,
1879 2442 1933 2487 14
1960 2443 2172 2486 ο1ὶοτιιιιιι
2215 2458 2356 2499 neque

277 2525 393 2565 enim
430 2537 535 2578 opus
574 2529 640 2564 est
674 2523 866 2577 pluribus
902 2525 947 2564 in
984 2537 1033 2565 re
1072 2528 1237 2578 aperta.
1296 2524 1389 2565 Hoc
1424 2524 1566 2575 addo,
1612 2524 1767 2566 eadem
1796 2525 1884 2567 fide
1914 2524 2186 2566 Plutarchum
2217 2527 2359 2569 hiatus

274 2605 504 2646 retinuisse
535 2604 580 2645 in
609 2605 755 2644 verbis
784 2606 1037 2658 scriptorum
1067 2605 1220 2657 quibus
1250 2604 1493 2645 auctoribus
1522 2604 1670 2647 utitur.
1730 2605 1793 2646 lta
1810 2632 1822 2655 ‚
1865 2608 1913 2646 ut
1941 2604 2009 2645 his
2038 2609 2162 2658 utar,
2200 2605 2357 2648 Pericl.

274 2684 316 2735 9,
347 2684 375 2728 3
407 2680 682 2733 Θουκυδίδης
709 2707 767 2714 --
798 2678 881 2734 τὴν
912 2682 994 2725 τοῦ
1015 2683 1285 2740 Περικλέους
1313 2679 1569 2741 ὑπογράφει
1598 2682 1828 2727 πολιτείαν
1856 2707 1914 2715 -
1943 2684 2057 2739 ἔργῳ
2087 2681 2131 2726 δ’
2157 2681 2245 2727 ὑπὸ
2278 2684 2360 2728 τοῦ

276 2760 487 2818 πρώτου
524 2759 708 2818 ἀνδρὸς
744 2760 888 2819 ἀρχὴν
915 2789 972 2797 -—
1006 2766 1169 2806 histum
1199 2765 1391 2806 servavit
1419 2762 1777 2817 Thucydideum:
1826 2760 2023 2820 ἐγίγνετό
2054 2778 2100 2806 τε
2130 2760 2248 2819 λόγῳ
2277 2766 2359 2820 μὲν

276 2843 588 2897 δημοκρατία,
621 2843 736 2899 ἔργῳ
767 2842 813 2885 δὲ
843 2838 932 2885 ὑπὸ
965 2842 1047 2886 τοῦ
1076 2841 1260 2899 πρώτου
1290 2838 1455 2898 ἀνδρὸς
1485 2838 1622 2900 ἀρχή,
1652 2842 1751 2886 libr.
1771 2845 1819 2897 2,
1849 2845 1920 2890 65.
1978 2844 2173 2887 Mau-cell.
2196 2845 2271 2897 21,
2307 2847 2359 2890 12

271 2921 473 2975 πολέμου
510 2919 809 2979 ἐργαστήριον
846 2924 1206 2981 Xenophonteum
1247 2937 1299 2967 ex
1334 2922 1573 2976 hellen-3,
1612 2922 1667 2976 4,
1700 2925 1768 2970 17.
1826 2925 1951 2968 Dion.
1974 2925 2030 2970 52
2068 2920 2095 2975 ἡ
2133 2921 2358 2969 αὐθάδεια
