2572 3313
1108 148 1221 155 --
1285 121 1373 171 10
1439 146 1553 157 .-..

294 235 374 283 τὸν
402 235 630 298 ’Ἀρατον,
677 250 722 285 et
757 245 872 296 quod
909 246 952 285 in
992 246 1147 287 eadem
1183 247 1277 287 vita.
1307 245 1467 301 legitur
1504 259 1541 286 c·
1563 246 1627 290 91'
1657 241 1859 295 κελεύσας
1898 245 2089 288 ἕπεσθαι
2120 246 2189 301 (,)
2221 241 2278 296 ὥς
2313 241 2371 289 ἂν

291 316 515 363 δύνωνται
545 318 735 378 τάχιστα
763 346 820 354 —-
848 330 969 365 recte
998 324 1111 366 liber
1141 325 1313 381 corrigit
1340 325 1385 365 in
1414 324 1525 373 hanc
1554 325 1746 380 speciem
1775 325 1969 367 ἕπεσθαι
1999 322 2211 380 κελεύσας.
2280 327 2371 367 Nec

290 407 436 454 potest
468 402 620 458 fugere
661 404 937 444 attentiorem
965 404 1040 444 vel
1078 418 1152 445 eos
1190 390 1361 456 hiatus,
1407 405 1560 457 quibus
1595 404 1895 447 intercedente
1925 406 2267 460 interpunctione
2298 418 2371 446 ex-

293 482 454 521 cusatio
494 487 642 533 esset,
691 483 942 537 scriptorem
982 484 1193 525 studuisse
1235 486 1417 525 evitare.
1494 484 1605 524 Hinc
1650 483 1794 524 fateor
1836 486 1942 537 mihi
1987 489 2228 539 suspectum
2274 498 2371 528 esse

293 560 331 600 Τ
332 561 425 600 hes.
447 560 530 612 26,
568 561 623 604 32
662 561 924 603 καταλιπεῖν
955 562 1000 603 δὲ
1037 564 1112 602 καὶ
1143 557 1249 611 τοὺς
1278 555 1498 622 ἀδελφοὺς
1527 558 1668 606 αὐτοῦ
1699 564 1717 615 (
1728 564 1767 615 ,)
1799 557 1898 605 οἷον
1925 560 2196 612 ἐπιστάτας,
2243 577 2372 616 quum

290 646 513 693 praestare
544 642 745 682 videatur
783 642 888 683 talia
925 642 1041 683 nulla
1079 643 1422 697 interpunctione
1463 642 1667 684 dirimere
1707 648 1753 684 et
1790 643 1863 696 qui
1893 642 1977 684 duo
2004 642 2090 684 loci
2120 642 2201 684 soli
2230 641 2372 695 aliquo

292 721 417 760 modo
450 723 688 774 comparari
716 724 880 776 possint
907 723 1062 764 Ancon.
1082 720 1140 767 64
1168 720 1233 777 τῷ
1264 717 1488 779 προσώπῳ
1517 716 1642 777 μόνῳ
1673 723 1743 777 (,)
1775 716 1872 764 οἷον
1902 719 2261 777 ἐγκελευσάμενος
2293 717 2373 762 τὸν

294 793 439 854 ἄνδρα
469 796 665 857 θαρῥεῖν
694 803 766 855 (,)
796 800 1008 857 παρῆλθε
1039 808 1084 844 et
1114 803 1234 844 Cam.
1254 800 1339 853 42,
1368 800 1424 847 26
1454 800 1754 859 παραχρῆμα,
1786 796 1885 843 οἷον
1913 797 2049 850 εἰκὸς,
2081 798 2290 856 ἡδόμενοι
2315 822 2376 832 -—-

294 881 537 935 corrigendi
572 895 623 922 ex
659 881 780 922 libris
818 883 931 933 sint,
976 883 1021 922 in
1060 881 1196 923 altero
1233 878 1404 936 μόνον,
1449 883 1495 922 in
1531 881 1667 923 altero
1705 880 1982 940 παραχρῆμα
2019 882 2102 935 μὲν
2136 883 2374 922 rectissime

295 960 618 1013 praebentibus.
676 961 724 1001 In
754 960 899 1001 Solon.
925 963 976 1014 1,
1008 962 1061 1005 27
1107 961 1279 1016 λέγεται
1307 984 1363 992 -
1395 955 1447 1001 τὸ
1478 954 1662 1016 ἄγαλμα
1702 960 1785 1003 τοῦ
1815 954 2010 1018 ’Ἑρωτος
2047 964 2093 1002 ὲν
2127 957 2377 1014 Ἀκαδημίᾳ

296 1038 575 1097 καθιερῶσαι
604 1041 676 1095 (,)
715 1036 832 1083 ὅπου
869 1035 922 1083 τὸ
961 1039 1051 1098 πῦρ
1089 1035 1369 1083 ἀνάπτουσιν
1406 1041 1449 1083 οὶ
1486 1036 1569 1109 τῂν
1597 1036 1721 1098 ἱερὰν
1751 1036 1969 1096 λαμπάδα
2004 1039 2266 1089 διαθέοντες
2295 1040 2378 1081 etsi

294 1131 380 1160 non
418 1126 508 1161 tam
542 1123 717 1175 requiro
757 1137 882 1175 quam
924 1124 1077 1163 abesse
1113 1122 1255 1163 malim
1293 1135 1461 1163 omnem
1499 1121 1916 1178 interpunctionem,
1960 1127 2104 1162 tamen
2138 1119 2255 1161 nulla
2292 1119 2378 1162 alia

295 1202 406 1241 ratio
446 1215 558 1242 nunc
596 1204 818 1243 succurrit.
877 1204 985 1243 Nam
1026 1204 1107 1243 etsi
1137 1203 1193 1243 ad
1220 1204 1480 1244 sententiam
1509 1202 1618 1243 mhil
1646 1202 1845 1243 desidero
1863 1230 1877 1253 ,
1920 1202 2204 1256 suspicionem
2234 1205 2378 1241 tamen

298 1286 443 1320 movet
474 1282 589 1333 quod
618 1283 662 1322 in
693 1283 850 1323 ceteris
870 1284 969 1322 vitis
991 1284 1200 1334 omnibus,
1230 1283 1407 1323 sirecte
1429 1282 1671 1333 observavi,
1699 1280 1808 1322 nihil
1837 1281 1953 1334 quod
1982 1281 2218 1335 comparari
2245 1281 2380 1334 possit

296 1361 527 1413 reperitur.
589 1362 648 1401 Ac
677 1362 713 1401 si
744 1362 838 1413 quis
868 1362 952 1401 huc
981 1361 1150 1403 referre
1180 1360 1317 1403 vellet
1344 1363 1462 1403 Brut.
1492 1361 1549 1404 33
1587 1360 1838 1414 ΙΙομπηΐου
1868 1356 2065 1415 Μάγνου
2098 1355 2379 1414 προςβαλόν·

299 1453 375 1488 τος,1
404 1435 627 1493 Αἰγύπτῳ
667 1440 743 1481 καὶ
773 1440 1044 1494 Πηλουσίῳ,
1093 1436 1286 1490 ὁπηνίκα
1324 1435 1405 1490 τὴν
1441 1435 1638 1494 μεγάλην
1675 1433 1817 1494 ἀρχὴν
1856 1435 2098 1495 (μάχηνῗ)
2135 1433 2381 1492 ἀποβαλών

297 1514 386 1558 ’ὑπὸ
427 1517 661 1574 Καίσαρος
697 1504 863 1577 ’ἔφυγεν
902 1544 959 1550 -
1009 1527 1125 1561 esset
1171 1522 1251 1560 hoc
1291 1534 1451 1575 augere
1490 1521 1630 1574 potius
1670 1533 1797 1573 quam
1835 1519 2039 1561 refellere
2079 1520 2378 1573 suspicionem.

298 1601 520 1650 Quaenam
552 1607 618 1641 est
648 1602 763 1641 enim
795 1602 877 1640 ista
906 1608 993 1640 tam
1023 1602 1171 1654 inepta
1199 1600 1372 1640 dicendi
1401 1601 1511 1641 ratio
1542 1598 1809 1655 προςβαλεῖν
1838 1594 2061 1654 Αἰγύπτῳ
2092 1598 2166 1640 καὶ
2196 1598 2379 1648 ΙΙηλου-

297 1681 419 1731 σι’ῳῖ
476 1694 603 1732 quam
649 1680 767 1733 quod
806 1681 850 1721 S.
881 1679 1142 1736 Voegelinus
1185 1685 1333 1722 noster
1378 1680 1432 1722 G.
1471 1680 1706 1722 Hei-manni
1755 1679 2056 1720 observatione
2103 1678 2286 1732 quadam
2325 1679 2378 1717 ad

298 1758 446 1815 Viget.
477 1773 520 1814 p·
551 1760 637 1803 838
667 1761 749 1800 sibi
777 1760 950 1800 videtur
986 1760 1264 1809 defendisse,
1310 1760 1484 1800 minime
1514 1761 1618 1800 mihi
1647 1759 1909 1813 persuadet,
1953 1772 2034 1799 nec
2064 1759 2192 1807 Tibi,
2237 1772 2379 1811 spero,

299 1838 478 1892 Sauppi.
540 1840 687 1880 Codex
715 1839 931 1880 Palatinus
962 1837 1245 1889 ΙΙηλούσιον,
1277 1845 1421 1890 recte,
1452 1841 1576 1880 modo
1607 1839 1683 1880 καὶ
1712 1845 1898 1880 mutetur
1927 1839 1970 1878 in
2002 1832 2141 1887 κατὰ,
2182 1843 2228 1878 nt
2257 1838 2380 1879 Pom-

300 1919 424 1969 peius
461 1918 626 1958 dicatur
654 1915 875 1972 Αἰγύπτῳ
916 1917 1185 1973 προςβαλεῖν
1223 1913 1341 1959 κατὰ
1379 1914 1666 1968 Πηλούσιον,
1714 1919 1769 1958 cf.
1800 1918 1947 1973 Pomp.
1971 1918 2045 1969 77,
2082 1918 2125 1970 6.
2183 1917 2379 1970 Denique

302 1997 471 2038 unicum
493 2004 558 2039 est
578 1998 678 2040 oth.
701 1999 726 2043 2
756 1994 922 2049 ἐδεήθη
953 1995 997 2039 δ’
1033 1995 1288 2053 ὑπομεῖναι,
1321 2000 1402 2047 ἕως
1428 1993 1485 2040 ἄν
1512 1995 1816 2055 ἀποξύρηται,
1850 1998 1962 2051 quod
1983 1998 2157 2051 quidem
2176 1997 2379 2038 facillime

304 2079 458 2132 corrigi
488 2081 636 2132 possit.

506 2159 710 2201 Hiatuum
747 2161 790 2200 in
828 2161 1029 2213 sequenti
1065 2154 1138 2200 ὅτι
1174 2158 1384 2214 particula
1414 2159 1609 2214 exempla
1639 2164 1806 2200 exstant
1834 2159 1971 2200 haec:
2015 2157 2151 2199 Alcib.
2173 2157 2225 2208 3,
2260 2159 2273 2199 1
2311 2161 2382 2211 γε·

300 2252 526 2294 γραπται,
560 2235 633 2280 ὅτι
658 2264 714 2271 -—-
743 2242 837 2281 Nic.
859 2241 901 2291 4,
923 2241 945 2284 7
977 2243 1252 2297 γέγραπται,
1285 2234 1358 2281 ὅτι
1382 2264 1438 2272 --
1467 2241 1618 2294 Pyrrh.
1643 2241 1710 2291 18,
1736 2240 1786 2283 15
1817 2235 2116 2296 ἀπεκρίναντο
2142 2259 2200 2269 -—-
2225 2235 2380 2286 πᾶσαι,

303 2313 375 2359 ὅτι
403 2342 460 2350 -
489 2319 595 2361 Luc.
616 2320 685 2371 29,
715 2322 771 2365 52
802 2316 1149 2375 θαυμάζεσθαι,
1183 2315 1258 2362 ὅτι
1287 2340 1342 2350 —-
1371 2318 1534 2374 Poplic·
1561 2319 1625 2370 19,
1662 2322 1705 2362 11
1741 2315 1937 2370 ἠνιάθη,
1972 2314 2044 2360 ὅτι
2064 2318 2274 2372 ΙΙορσίνα
2305 2333 2384 2358 κα·

305 2398 410 2438 κίων
442 2403 663 2456 φανεῖται.
724 2401 852 2440 Caes.
874 2401 945 2450 47,
981 2403 1033 2442 10
1062 2402 1148 2455 ἔφη
1166 2430 1177 2448 ,
1219 2396 1292 2440 ὅτι
1320 2421 1378 2430 —
1408 2413 1461 2439 ex
1488 2400 1609 2439 libris
1639 2400 1803 2439 correxi
1833 2394 1963 2439 εἶπεν.
2021 2399 2099 2439 His
2129 2398 2240 2438 addo
2270 2399 2385 2441 simi-

302 2477 404 2519 liter
448 2485 693 2532 usurpatam
738 2477 796 2527 ὡς
839 2480 1091 2534 particulam
1109 2510 1121 2530 ‚
1168 2482 1286 2521 cuius
1329 2494 1459 2520 unum
1505 2478 1798 2520 tantummodo
1840 2475 2078 2532 exemplum
2116 2475 2385 2531 relinquitur,

300 2560 445 2598 Artax.
472 2560 523 2602 12
556 2560 731 2614 χαίρων
761 2556 944 2617 φράζει,
993 2556 1051 2608 ὡς
1089 2556 1227 2609 αὐτὸς
1262 2556 1352 2601 ἰ’δοι
1381 2554 1641 2610 τεθνηκότα
1669 2555 1855 2614 Κῦρον,
1901 2570 1999 2598 nam
2027 2558 2202 2608 Aristid.
2223 2558 2301 2607 22,
2336 2559 2388 2599 10

302 2634 568 2695 φράσαντος
597 2638 643 2682 δὲ
675 2638 741 2694 τῷ
774 2635 1020 2699 Ἀριστείδῃ
1038 2671 1048 2690 ,
1096 2635 1154 2689 ὡς
1182 2638 1427 2683 διανοεῖται
1456 2633 1538 2681 τὸν
1564 2633 1873 2693 ναύσταθμον
1902 2635 2129 2693 ἐμπρῆσαι
2157 2634 2249 2677 τῶν
2281 2633 2385 2677 ‘Ez-

301 2714 474 2769 λήνων,
518 2720 619 2762 libri
658 2721 742 2762 duo
784 2719 849 2775 τῷ
885 2716 1131 2780 Ἀριστείδῃ
1168 2718 1250 2763 τοῦ
1282 2717 1655 2775 Θεμιστοκλέους,
1703 2718 1819 2773 quod
1848 2731 1874 2759 a
1903 2718 2110 2761 Vulcobio
2140 2721 2386 2758 annotatum

301 2798 401 2840 olim
430 2800 662 2856 repudiare
694 2801 855 2853 debui,
884 2815 996 2843 nunc
1023 2800 1230 2843 librorum
1260 2802 1515 2843 auctoritate
1545 2802 1759 2844 firmatum
1787 2801 2055 2855 probandum
2083 2802 2186 2852 puto
2204 2826 2217 2848 ‚
2257 2812 2384 2851 quum

294 2893 567 2935 nequaquam
605 2882 813 2925 credibile
851 2884 907 2924 sit
945 2888 1112 2925 temere
1149 2884 1210 2924 sic
1247 2896 1506 2936 quemquam
1541 2880 1895 2938 interpolaturum
1931 2881 2083 2922 fuisse.
2140 2878 2296 2932 ltaque
2327 2879 2384 2920 de
