2572 3313
1015 174 1463 224 --“.-.-

200 301 542 351 verbahabeant
571 300 679 341 nihil
708 298 920 356 agendum
950 300 1032 341 nisi
1061 305 1109 342 ut
1129 300 1221 342 -καὶ-
1238 305 1335 356 post
1363 296 1585 356 ἁμαρτίαι
1613 300 1847 351 inseratur,
1879 299 1994 353 quod
2015 300 2124 341 vidit
2144 302 2272 342 etiam

198 381 455 426 Benselerus
484 381 838 434 commendatque
870 394 968 422 usus
993 380 1324 432 Plutarchiyde.
1342 395 1425 435 quo
1446 381 1553 422 dixit
1572 381 1920 434 Wyttenbachius
1951 396 2000 436 Ρ,
2015 382 2100 425 882
2120 382 2270 430 Oxou·⁹

199 468 351 518 postea
381 455 461 510 τὰς
490 460 518 502 δ
526 457 534 497 ’.
570 463 855 516 cum2=Bryano
888 462 1124 517 corrigatur
1150 463 1195 503 in
1227 456 1292 504 τὰ,
1314 460 1342 503 δ
1349 458 1376 504 ’.-
1435 461 1622 503 Alterius
1650 462 1755 512 loci,
1786 464 1858 515 qui
1889 469 1954 504 est
1974 463 2044 512 96,
2070 462 2119 507 17
2150 468 2270 504 recte

198 541 407 584 intellecti
435 541 528 583 laus
557 543 743 584 debetur
770 542 1030 593 Benselero-;
1059 544 1197 585 verba
1225 544 1334 586 haec
1361 548 1485 592 sunt:
1516 536 1574 583 τὰ
1605 540 1650 583 δὲ
1681 541 1838 584 παιδία
1866 539 2101 597 συλλαβών
2132 539 2271 591 αὐτὸς

194 619 309 665 ’ΪΙωνι
337 624 599 679 ἐνεχείρισεν.
659 623 799 666 Velim
830 637 1057 680 cognoscas
1088 638 1185 669 eum
1213 623 1380 673 locum,
1411 624 1601 677 Sauppi,
1636 628 1685 663 ut
1713 637 1794 676 quo
1827 638 1872 664 es
1903 626 2096 665 acumine
2126 624 2270 665 statim

199 702 412 759 intelligas
433 704 546 757 quod
575 717 643 745 me
675 702 775 745 olim
804 718 886 745 non
917 704 1180 746 intellexisse
1208 718 1321 746 nunc
1348 717 1480 760 aegre
1509 704 1629 753 fero,
1661 717 1783 756 quam
1815 706 1898 745 sint
1926 706 2034 745 haec
2063 718 2269 759 perversa

200 790 245 825 et
274 785 506 840 incongrua
534 785 722 827 relicuae
752 785 1001 826 narrationi.
1059 787 1189 827 Certo
1217 787 1331 833 enim
1361 786 1518 827 certius
1549 790 1616 825 est
1644 797 1725 824 non
1757 798 1880 839 posse
1912 781 2143 840 συλλαβών
2171 799 2268 841 par—

199 866 390 921 ticipium
420 866 475 908 de
508 866 665 908 Perseo
695 864 904 922 intelligi:
949 867 1052 920 quid
1089 867 1256 909 multa?
1297 867 1533 908 rectissime
1573 879 1680 906 unus
1710 879 1735 906 e
1765 866 1966 906 Parisinis
1989 861 2087 908 Ἴων
2116 868 2268 922 ἐνεχεί-

199 958 345 1000 ρισεν,
377 960 460 1000 quo
492 952 537 989 et
564 948 804 990 sententiae
837 946 1066 989 consulitur
1096 953 1141 989 et
1168 953 1415 990 removetur
1442 948 1600 988 hiatus.
1658 948 1839 988 Restant
1872 948 1955 987 loci
1986 948 2068 988 duo
2086 976 2098 998 ‚
2143 949 2266 988 ambo

198 1027 385 1082 neglecti
415 1041 442 1068 a
469 1028 731 1078 Benselero,
777 1041 952 1081 quorum
983 1027 1094 1069 alter
1124 1034 1190 1069 est
1223 1030 1298 1078 11,
1327 1026 1356 1071 4
1392 1022 1474 1078 τὴν
1503 1027 1588 1082 μὲν,
1616 1029 1844 1081 προτέραν
1874 1022 2090 1068 ὑπατείαν
2117 1028 2268 1082 μετελ-

199 1108 302 1149 θεῖν
340 1108 428 1166 ἔφη
463 1103 782 1163 αὐτὸς-«ἀρχῆς
823 1104 1027 1161 δεόμενος
1047 1138 1057 1157 ,
1109 1103 1199 1158 τὴν,
1228 1107 1522 1165 δὲδευτέραν
1559 1108 1735 1149 ἐκείνων
1771 1106 1999 1162 στατηγοῦ
2039 1107 2267 1162 δεομένων,

198 1202 325 1241 quem
347 1203 474 1242 quum
502 1189 589 1247 ἔφη
616 1195 806 1230 correcto
837 1190 880 1228 in
899 1184 1017 1229 εἶπεν
1035 1202 1205 1242 possem
1235 1189 1288 1229 ad
1318 1190 1468 1229 iustam
1498 1189 1709 1229 rationem
1737 1201 1945 1230 revocare
1975 1188 2268 1243 probabiliter,

197 1269 243 1310 id
281 1270 396 1323 quod
425 1270 553 1311 Caes.
574 1268 649 1321 47,
685 1271 734 1313 10
772 1271 926 1311 Anton.
950 1268 1003 1313 79
1039 1269 1243 1311 librorum
1282 1272 1510 1311 auctoritas
1545 1271 1641 1310 fieri
1678 1271 1828 1319 iubet,
1873 1275 2016 1310 tamen
2046 1274 2268 1323 postquam

196 1363 280 1389 non
312 1364 423 1401 uno,
468 1351 546 1391 sed
583 1350 723 1391 multis
761 1350 965 1404 exemplis
995 1351 1315 1404 comprobatum
1341 1350 1487 1391 vidisti
1515 1363 1643 1402 quam
1672 1363 1804 1403 saepe
1833 1350 1998 1390 librarii
2030 1351 2073 1389 in
2104 1349 2269 1390 Plutar-

201 1431 317 1470 cheis
365 1430 557 1476 ordinem
602 1431 831 1472 verborum
876 1435 1042 1471 temere
1090 1432 1350 1475 mutaverint
1396 1431 1664 1481 consenties,
1714 1444 1868 1483 spero,
1914 1431 2269 1471 verosimiliorem

200 1510 544 1551 emendationem
574 1512 685 1551 hanc
715 1523 809 1551 esse
841 1510 928 1569 ἔφη
955 1509 1188 1565 μετελθεῖν
1218 1505 1368 1559 αὐτός.
1427 1510 1670 1551 Postremus
1700 1511 1886 1563 denique
1916 1510 2033 1551 locus
2066 1518 2132 1552 est
2156 1512 2222 1564 13,
2242 1513 2269 1555 5

200 1587 257 1638 (i),-
288 1590 331 1631 δὲ
363 1591 562 1640 πεισθεὶς
591 1592 701 1647 ἔχειν
731 1587 761 1632 ἅ
791 1585 949 1650 ᾔτησεν
981 1586 1004 1633 ὁ
1037 1590 1234 1641 Γένθιος
1263 1591 1395 1648 ἔργον
1424 1587 1578 1646 ἀσεβὲς
1607 1592 1680 1634 καὶ
1711 1586 1852 1634 δεινὸν
1882 1592 2036 1648 ἔδρασε
2054 1625 2063 1642 ,
2097 1594 2150 1635 de
2183 1609 2266 1648 quo

200 1674 302 1725 quid
331 1674 487 1715 faciam
518 1688 645 1726 quum
675 1675 767 1727 ipse
797 1673 981 1713 nondum
1012 1674 1182 1726 assequi
1210 1674 1420 1728 potuerim
1451 1674 1545 1714 Tuo
1578 1686 1699 1725 eum,
1730 1674 1911 1728 Sauppi,
1942 1676 2124 1715 acumini
2156 1689 2266 1715 com-

198 1755 369 1795 mendo.
428 1755 538 1796 Mihi
569 1755 742 1808 quidem
771 1755 807 1795 si
836 1755 972 1795 verba
1000 1755 1094 1808 ipsa
1122 1754 1345 1795 considero
1374 1768 1479 1795 sana
1507 1755 1710 1795 videntur
1741 1761 1786 1795 et
1813 1756 2082 1810 incorrupta,
2112 1756 2191 1797 sed
2220 1761 2267 1797 ut

198 1849 281 1876 non
315 1836 472 1890 possim
510 1848 594 1875 non
633 1836 779 1892 mirari
815 1835 930 1888 quod
967 1836 1122 1876 ceteris
1150 1834 1256 1876 locis
1286 1835 1478 1875 omnibus
1508 1835 1714 1876 evitatum
1746 1848 1842 1876 esse
1873 1836 2068 1887 ostendi,
2112 1836 2157 1877 id
2187 1837 2268 1877 hoc

200 1929 282 1957 uuo
321 1916 414 1958 loco
456 1929 550 1957 esse
589 1917 853 1956 commissum
872 1944 885 1967 ,
935 1929 1062 1968 quum
1100 1915 1172 1956 vel
1217 1910 1330 1968 ἅπερ
1371 1908 1542 1973 ᾔτησεν
1571 1915 1657 1955 diei
1701 1907 1757 1973 (ᾗ
1797 1920 1843 1956 et
1878 1908 1989 1974 ᾗπερ
2028 1921 2268 1970 permutata

199 1996 409 2037 Themist.
429 1994 457 2039 9
486 1991 554 2037 διὸ
586 2001 631 2037 et
660 1990 812 2052 διόπερ
841 1996 948 2037 ibid.
970 1996 1035 2048 7),
1063 1995 1139 2037 vel
1166 1997 1259 2051 ipsa
1287 1995 1359 2036 illa
1388 1989 1420 2035 ἅ
1448 1988 1608 2054 ᾔτησεν
1638 1997 1774 2037 omitti
1798 1995 1872 2037 vel
1903 1996 1988 2037 alio
2016 2011 2269 2051 quocunque

197 2077 321 2117 modo
350 2077 491 2118 hiatus
522 2077 676 2118 evitari
704 2082 864 2131 posset.
912 2077 1021 2117 Num
1051 2077 1163 2118 forte
1193 2075 1301 2117 nihil
1329 2077 1390 2117 in*
1404 2089 1457 2117 eo
1489 2076 1732 2116 offensionis
1764 2089 1858 2117 esse
1889 2078 2134 2131 putabimus
2165 2092 2269 2132 quo-

200 2158 312 2198 niam
341 2158 477 2198 verba
515 2158 747 2198 arctissime
788 2158 1057 2200 cohaerent?
1106 2158 1221 2211 quod
1249 2159 1286 2199 si
1315 2159 1375 2199 ita
1406 2163 1472 2199 est
1498 2171 1642 2198 rursus
1671 2157 1775 2198 illud
1804 2158 1933 2197 miror
1963 2158 2078 2210 quod
2107 2160 2151 2199 in
2181 2160 2269 2201 fre-

200 2239 474 2291 quentissimo
513 2239 605 2281 eius
641 2239 901 2293 pronominis
939 2252 1017 2280 usu
1055 2253 1140 2280 non
1177 2237 1301 2294 plura
1339 2243 1504 2280 exstant
1533 2238 1727 2292 exempla
1756 2238 1936 2288 similia,
1980 2239 2058 2279 sed
2088 2240 2124 2278 si
2156 2253 2267 2292 quae

200 2324 298 2359 sunt
331 2318 538 2374 pleraque
579 2320 710 2361 dubia
746 2324 842 2361 sunt
877 2318 951 2362 vel
986 2332 1038 2362 ex
1073 2318 1195 2362 libris
1233 2319 1498 2376 corrigenda·
1556 2319 1648 2361 Nec
1685 2325 1781 2360 sunt
1816 2321 1850 2360 si
1889 2326 2007 2359 recte
2038 2321 2267 2360 observavi

198 2401 279 2440 nisi
309 2401 440 2451 haec,
469 2402 601 2441 Phoc.
624 2402 691 2450 27,
717 2401 773 2443 33
804 2397 855 2441 οὐ
886 2396 1066 2457 πράξεις
1095 2396 1126 2441 ἅ
1155 2401 1369 2456 ἔγνωκας,
1400 2400 1463 2441 sic
1490 2399 1640 2455 vulgo,
1671 2413 1722 2441 ex
1750 2399 1869 2440 libris
1900 2401 2062 2440 correxi
2093 2394 2122 2439 ἅ
2152 2398 2266 2454 διέγ-

200 2495 364 2528 νωκας,
398 2494 652 2533 quamquam
684 2482 849 2522 etiamsi
877 2494 983 2522 vera
1015 2487 1130 2522 esset
1158 2480 1296 2522 altera
1323 2481 1553 2534 scriptura,
1586 2480 1701 2533 quod
1728 2493 1811 2520 non
1840 2485 1957 2534 puto,
1988 2480 2094 2520 nihil
2123 2486 2264 2522 tamen

198 2560 367 2602 faceret
412 2561 468 2603 ad
512 2562 637 2604 istum
679 2560 817 2612 locum
857 2561 1175 2605 defendendum
1213 2563 1412 2615 quoniam
1448 2563 1765 2618 apophthegma
1800 2563 1987 2603 refertur
2024 2563 2263 2602 Phocionis.

200 2643 323 2684 Num·
349 2643 422 2693 10,
453 2642 505 2686 27
538 2645 583 2683 ἐν
612 2635 639 2702 ᾗ
670 2642 765 2685 ἔστι
795 2658 862 2692 τις
890 2643 1216 2698 supraostendi
1246 2656 1303 2684 ex
1327 2642 1446 2684 libris
1473 2643 1771 2699 corrigendum
1803 2655 1895 2683 esse
1927 2644 1973 2683 ἐν
2003 2634 2028 2700 ᾗ
2061 2656 2127 2690 τις
2157 2643 2264 2686 ἔστι.

199 2722 321 2765 Alex·
340 2722 390 2774 3,
424 2721 476 2766 14
506 2714 541 2776 ᾦ
569 2719 787 2778 “Ηγησίᾳς
821 2723 911 2766 sola
948 2725 1096 2766 nititur
1130 2725 1328 2777 anonymi
1364 2725 1630 2777 correctione
1664 2723 1783 2763 libris
1821 2719 1878 2771 ὡς
1903 2719 2119 2777 Ἡγησίας
2149 2725 2267 2765 exhi-

201 2805 400 2845 bentibus
437 2803 552 2857 quod
586 2795 620 2858 ᾦ
657 2800 703 2859 γ’
744 2800 962 2861 Ἡγησίας
999 2805 1178 2846 correxi.
1250 2805 1443 2849 Demetr-
1472 2804 1552 2856 36,
1582 2804 1637 2848 33
1674 2798 1700 2845 ὅ
1735 2801 1988 2858 ἐμηχανᾶτο
2026 2810 2268 2858 corruptum

203 2882 537 2938 esse.librorum
574 2885 763 2926 ostendit
791 2886 1092 2941 discrepantia-
1152 2884 1278 2927 Galh.
1299 2883 1326 2928 4
1354 2887 1402 2927 ἐν
1432 2877 1467 2939 ᾦ
1495 2880 1677 2932 Ἰούνιος
1705 2898 1786 2924 non
1817 2889 1959 2937 potest
1988 2898 2081 2924 cum
2114 2886 2271 2926 ceteris

206 2963 410 3019 exemplis
441 2967 676 3020 comparari
706 2968 904 3021 quoniam
934 2967 1104 3008 nomina
1131 2978 1309 3021 romana
1337 2967 1391 3009 ab
1421 2967 1504 3009 hac
1538 2965 1683 3008 littera
1720 2964 1968 3018 incipientia
1997 2965 2160 3007 hiatum
2191 2980 2275 3008 non

1732 3044 1759 3089 4
