2572 3313
1016 127 1125 133 ψ-
1193 98 1283 149 u
1350 125 1462 135 --

189 220 353 276 ‹fasc-3
392 236 433 274 p·
457 220 539 264 469
578 222 632 263 de
673 225 820 265 codice
860 224 1042 276 quodam
1077 224 1294 264 Plutarchi
1330 223 1578 265 Florentino
1614 225 1777 265 saeculi
1813 227 2122 280 {io-inscripsit
2159 238 2279 279 spem

192 301 428 353 qnamdam
459 304 736 357 concepistis,
767 306 905 346 inanis
934 307 1015 345 ista
1044 318 1142 359 spes
1173 311 1254 346 est.
1302 306 1468 346 Primus
1498 311 1702 358 quantum
1732 306 1822 347 scio
1851 307 2134 357 esnsseodicis
2163 320 2283 346 mena

193 382 362 427 ‹tionem
390 382 496 423 fecit
520 386 568 423 Β.
590 385 951 426 Montefalcouius
980 389 1021 426 in
1051 386 1159 426 «liar.
1180 386 1273 427 Ital.
1294 401 1336 441 p.
1358 386 1440 429 366
1461 387 1528 426 his
1547 388 1720 426 verbis:
1756 385 2282 443 ‘coderslegsntissimus

194 462 244 501 rin
284 463 370 503 fine
407 466 510 504 noni
548 471 622 506 aut
658 468 781 508 initio
820 469 976 508 decimi
1015 468 1175 508 saeculi
1214 470 1579 508 membranaceus.
1659 468 1876 508 Plutarchi
1912 470 2030 509 vitae
2056 469 2279 522 ,incipiunt

201 557 229 585 a
258 544 505 596 Phocione,
552 548 753 589 desinunt
792 550 834 590 iu
869 550 1017 590 lulium
1048 551 1310 590 Caesarem:
1367 550 1659 590 Adverterunt
1696 555 1741 594 et
1781 557 2010 591 erexerunt
2023 545 2159 610 ‘haec
2189 551 2312 607 ui»,

196 639 316 667 -mum
356 641 497 668 meum
534 642 664 683 supra
699 645 825 683 quam
864 632 1009 672 dicere
1038 645 1235 686 possum:
1278 644 1463 683 namque
1495 632 1654 685 optima
1685 644 1884 684 quaeque
1915 633 1968 672 ab
1991 626 2147 677 tantae
2175 637 2286 676 tam-

202 720 287 760 que
318 710 596 751 venerandae
628 713 894 765 antiquitatis
926 718 1195 753 monumento
1227 714 1467 766 sperabam.
1526 713 1686 753 Postea
1714 713 1804 753 vidi
1844 727 1942 754 eam
1977 727 2097 768 spem
2125 713 2284 756 frustra

196 795 452 844 *conceptam
490 805 614 842 esse,
660 792 873 846 siquidem
911 795 946 834 is
983 793 1117 835 codex
1153 792 1283 834 multo
1323 792 1416 834 aliis
1452 792 1575 845 libris
1604 794 1797 836 deterior
1827 808 1853 836 a
1881 808 1950 839 me
1982 794 2172 851 cognitus
2203 799 2282 844 est,

203 869 259 912 de
297 886 380 925 quo
420 873 512 927 ipse
551 874 653 915 Tibi
687 876 969 930 permadebis
1004 877 1076 917 ubi
1115 890 1227 930 quae
1266 875 1320 917 ad
1356 877 1489 917 vitam
1527 875 1756 918 Phocionis
1794 891 1821 919 a
1851 891 1919 918 me
1957 882 2167 917 annotata.
2186 881 2284 916 suut

200 952 464 1008 perlustrare
496 954 713 998 volueris:
758 958 814 998 ad
854 972 948 998 eam
987 959 1100 999 enim
1136 972 1235 1000 usus
1274 973 1365 999 sum
1403 960 1721 1013 comparatione
1761 959 1853 1000 eius
1883 957 2041 998 codicis
2071 971 2098 998 a
2127 956 2282 997 Carolo

195 1034 259 1075 Vde
288 1035 324 1075 F
329 1036 422 1077 uria
450 1036 494 1077 in
525 1050 646 1078 usum
675 1039 707 1078 Ι.
740 1039 792 1079 G.
823 1038 1037 1095 Fluegelii
1071 1039 1271 1080 confecta
1308 1039 1375 1079 ab,
1402 1052 1541 1092 eoque
1570 1053 1666 1080 cum
1696 1039 1915 1081 Friderico
1946 1040 2136 1079 Kranero
2168 1049 2281 1078 com*

196 1117 432 1156 manicata.
482 1117 634 1157 Paucis
665 1119 719 1159 de
752 1133 803 1159 eo
836 1119 920 1158 dixi
951 1121 993 1159 in
1023 1120 1358 1160 Zimmermanni
1388 1133 1535 1159 museo
1568 1121 1698 1171 antiq.
1721 1120 1898 1160 studior.
1920 1132 1961 1157 a.
1987 1117 2168 1173 1839.p.
2181 1120 2281 1168 532,

198 1197 455 1251 explicatius
485 1200 698 1239 Kranerus
727 1202 866 1254 praef.
896 1201 1030 1240 Phoc.
1060 1214 1104 1255 p.
1126 1201 1257 1241 XXII.
1315 1203 1407 1241 Nec
1438 1203 1608 1241 codices
1636 1201 1830 1241 Vaticani
1862 1201 2079 1252 quinque,
2125 1205 2171 1240 ut
2199 1201 2283 1239 hoc

196 1279 382 1326 addam,
415 1293 591 1330 quorum
621 1282 761 1320 habeo
793 1283 1027 1335 specimina
1057 1283 1284 1335 quicquam
1314 1285 1524 1336 praebent
1552 1294 1633 1332 quo
1665 1294 1758 1319 cum
1791 1281 1934 1333 aliquo
1964 1281 2103 1323 fructu
2136 1282 2282 1330 utaris,

197 1359 422 1414 exemplar
451 1367 595 1400 autem
626 1362 739 1401 istud
770 1363 960 1413 Mureti,
1007 1364 1062 1404 de
1094 1377 1178 1417 quo
1209 1364 1368 1403 ibidem
1398 1364 1566 1416 scripsit
1596 1362 1873 1410 Welckerus,
1913 1362 2018 1402 illud
2048 1363 2185 1416 ipsum
2217 1367 2283 1401 est

201 1442 321 1482 cuius
359 1441 568 1482 lectiones
607 1455 633 1483 a
668 1455 715 1484 se
757 1443 994 1499 descriptas
1031 1443 1271 1486 liberaliter
1308 1444 1411 1483 mihi
1444 1443 1653 1483 concessit
1692 1443 1794 1483 Chr.
1826 1442 2046 1494 Walzius‚
2097 1454 2209 1483 nunc
2246 1444 2283 1483 si

200 1528 319 1564 recte
353 1524 501 1577 accepi
532 1537 616 1564 una
647 1537 740 1565 cum
772 1523 867 1566 aliis
899 1526 972 1578 qui
1003 1524 1100 1565 olim
1130 1525 1288 1565 Mureti
1318 1524 1493 1565 fuerunt
1521 1523 1641 1565 libris
1672 1524 1870 1565 incendio
1902 1525 2168 1579 absumptum
2201 1532 2282 1566 est.

407 1605 617 1652 sensisti,
649 1606 778 1645 credo
797 1634 809 1653 ‚
841 1606 1029 1658 Sauppi,
1061 1617 1155 1645 esse
1185 1606 1295 1644 haec
1321 1606 1461 1644 omnia
1491 1605 1762 1644 festinantius
1782 1605 2048 1657 perscripta,
2080 1611 2125 1645 ut
2144 1605 2284 1645 solent

199 1685 273 1737 qui
294 1686 434 1726 subito
457 1699 503 1726 se
526 1686 583 1725 ad
602 1686 872 1726 scribendum
890 1686 1003 1726 dant.
1034 1685 1322 1727 musquetum
1344 1692 1392 1726 ut
1408 1700 1535 1738 quum
1555 1698 1724 1739 possem
1740 1683 1813 1725 vel
1833 1684 1938 1725 alias
1960 1686 2283 1726 observationes

197 1765 365 1807 addere
392 1766 578 1807 fortasse
605 1779 689 1806 non
717 1766 887 1807 inutiles
913 1771 987 1807 aut
1012 1766 1263 1809 iniucnndas
1283 1766 1355 1808 vel
1383 1765 1568 1822 singulas
1599 1765 1922 1807 emendationes
1951 1766 2038 1806 suis
2069 1779 2281 1825 quamque

198 1845 430 1902 praesidiis
465 1846 688 1887 instructas
722 1851 766 1887 et
793 1847 914 1900 quasi
944 1847 1126 1889 munitas
1155 1858 1362 1889 exornare
1391 1846 1684 1898 ambitiosius,
1716 1846 1886 1886 abiecto
1914 1847 2028 1886 omni
2058 1846 2280 1889 doctrinae

202 1932 412 1981 apparatu
432 1938 487 1966 ne
508 1928 733 1966 verborum
754 1928 930 1980 quidem
954 1927 1179 1967 lenociniis
1201 1927 1297 1967 ullis
1319 1939 1418 1966 usus
1440 1928 1518 1966 sim
1540 1927 1595 1966 ad
1615 1939 1705 1966 rem
1728 1939 1866 1965 meam
1888 1928 2282 1967 commendandam.

200 2008 266 2047 De
297 2020 381 2059 qua
404 2007 503 2047 olim
530 2008 697 2063 plenius
729 2015 781 2053 ct*
801 2010 862 2048 sic
890 2015 935 2048 ut
963 2021 1139 2049 caussae
1170 2009 1262 2049 eius
1290 2015 1335 2048 et
1362 2010 1480 2064 origo
1503 2013 1739 2062 appareant
1759 2007 2009 2062 explicanda
2030 2021 2155 2062 quam
2175 2010 2282 2050 vere

202 2088 302 2126 'ribi
332 2102 441 2126 nunc
473 2067 710 2142 disputasse
728 2089 895 2149 {ridear
924 2090 1097 2129 nescio:
1136 2090 1217 2128 hoc
1247 2089 1334 2127 scio
1365 2089 1568 2141 quicquid
1594 2090 1743 2142 scripsi
1771 2103 1853 2128 non
1883 2089 1966 2128 alio
1992 2090 2074 2129 nisi
2094 2091 2188 2129 veri
2218 2091 2283 2129 ἰπο-

198 2170 441 2224 vestigandi
470 2170 611 2210 studio
642 2184 709 2210 me
738 2171 957 2223 scripsisse
979 2170 1079 2210 Tibi
1104 2184 1355 2224 persuasum
1385 2183 1480 2211 esse
1497 2199 1510 2218 ,
1542 2171 1681 2211 animo
1701 2183 1808 2210 vero
1830 2171 1871 2209 in
1893 2171 1958 2211 Te
1980 2172 2285 2212 amantissimo.

200 2252 262 2293 lta
282 2250 379 2293 vale
397 2282 409 2302 ‚
444 2252 507 2293 vir
525 2253 890 2306 praestantissime
908 2282 920 2302 ‚
952 2253 1185 2305 amicisque
1207 2251 1511 2293 'l‘uricensibus
1532 2251 1740 2292 societate
1759 2265 1917 2307 graeca
1936 2249 2035 2293 olim
2063 2253 2282 2295 nobiscum

201 2333 552 2374 coniunctissimis
582 2333 626 2375 S.
656 2332 992 2391 Voegelino‚
1028 2333 1080 2376 A.
1112 2333 1165 2374 G.
1197 2330 1645 2374 Winckelmanno
1684 2332 1753 2373 fac
1791 2332 1907 2375 dicas
1943 2339 2099 2388 quanto
2129 2338 2284 2382 tenear

200 2414 418 2456 desiderio
450 2417 652 2469 antiquae
683 2416 986 2458 familiaritatis
1016 2414 1337 2458 instaurandae.

2023 2510 2043 2533 ι,

406 2579 570 2622 Dabam
589 2592 646 2621 m.
665 2579 900 2622 Februario
924 2585 1110 2623 exeunte
1129 2592 1171 2621 a.
1194 2576 1504 2620 Mucccxw
1525 2577 1729 2619 Sei-vesta
1752 2577 2086 2620 Anhaltinorum.
2146 2607 2152 2613 -

2419 60 2422 65 ’
2498 95 2572 309 ε’,
