2572 3313
1109 177 1559 228 ῂ-η-..

293 306 425 346 Cuius
446 305 619 359 quidem
642 305 772 347 facile
801 306 905 345 mihi
931 306 1132 348 concedis
1156 308 1311 348 iustam
1339 308 1778 349 esse-exeusationem
1809 310 1852 348 in
1882 308 2218 362 appositionibus
2240 309 2378 361 iisque

293 387 520 427 sententiis
542 399 652 439 quae
675 384 914 440 explicandi
936 388 1126 442 ergo-rei
1151 387 1381 441 primariae
1402 387 1463 428 sic
1483 386 1760 439 adiiciuntur,
1784 394 1839 429 ut
1865 389 2028 442 possint
2046 387 2217 441 positae
2236 388 2378 429 existi-

294 468 401 506 mari
438 466 737 506 intermediae.
804 466 871 506 Ad
906 468 1024 520 prius
1054 478 1188 522 genus
1210 463 1363 509 'refero
1393 465 1538 508 Solos.
1564 468 1644 518 10,
1677 469 1729 510 ii*
1771 465 1962 517 Φιλαῖος
1991 458 2375 524 καὶ-ωρνσάκης,

295 544 497 594 Αἴαντος
526 545 643 595 υἱοὶ,
688 541 912 596 Ἀθήνησι
943 546 1170 595 πολιτείας
1197 542 1530 602 μεταλαβόντες
1556 569 1637 598 ——,
1681 548 1756 587 ubi
1788 559 1885 588 casu
1904 548 2074 589 *accidit
2103 552 2153 588 ut
2178 544 2378 588 nei-kin·

296 628 488 680 quamvis
527 626 634 667 nihil
674 627 730 668 de
771 640 826 668 ea
863 640 911 669 re
952 629 1188 682 suspicatus
1227 628 1426 669 addendo
1469 626 1548 678 τῆς
1585 634 1693 682 post·
1719 627 1813 669 »υἱοὶ
1857 627 2129 669 adversarius
2175 628 2380 668 existeret

293 707 446 746 hiatui.
506 709 642 758 Quem
674 708 850 759 quidem
882 709 962 748 etsi
992 707 1262 749 tolerabilem
1294 709 1466 760 iudico,
1511 715 1655 748 tamen
1692 708 1836 749 fateor
1863 715 2108 762 suspectum
2138 721 2233 750 esse
2265 707 2379 760 quod

292 785 374 826 loci
407 793 453 827 et
480 788 608 841 pauci
639 792 738 828 sunt
769 793 813 828 et
842 788 878 827 si
906 788 1022 828 hunc
1051 788 1274 841 exceperis
1304 787 1422 828 dubii
1453 787 1651 842 plerique
1681 800 1845 835 munes.
1889 789 1997 828 Nam
2028 793 2074 828 ut
2102 787 2210 827 nihil
2231 788 2379 827 -dicam

294 867 349 907 de
369 868 489 906 Brut.
511 868 538 910 2
568 866 704 924 φίλον
732 869 1030 920 πεποιημένος
1054 863 1326 924 Ἀρίστωνα,
1359 861 1504 922 ἄνδρα
1535 866 1591 927 τῇ
1618 868 1703 922 μὲν
1730 870 1778 911 ἐν
1807 863 1957 923 λόγοις
1985 864 2068 918 ἕξει
2098 865 2276 908 πολλῶν
2305 880 2381 925 ‹pt-

294 941 506 1004 λοσόφων
535 941 822 999 λειπόμενον,
870 959 999 999 quem
1029 948 1224 1000 quamvis
1251 948 1296 987 in
1332 948 1455 988 brevi
1485 947 1649 1001 syllaba
1679 954 1724 989 et
1750 947 1851 988 libri
1882 953 1927 989 et
1954 948 2021 989 rei
2050 948 2212 988 veritas
2239 959 2380 987 remo-

294 1026 389 1066 veri
420 1026 572 1065 iubent
601 1026 855 1081 corrigendo
879 1019 1093 1081 ’Ἀριστον
1103 1056 1114 1075 ,
1145 1039 1229 1066 non
1261 1028 1420 1067 certior
1448 1040 1520 1067 res
1546 1033 1617 1068 est
1645 1028 1690 1068 in
1721 1029 1879 1069 ceteris
1901 1026 2007 1067 locis
2034 1028 2110 1079 qui
2135 1026 2381 1078 sunt-quin-

296 1117 395 1157 que.
455 1105 564 1145 Nam
594 1105 694 1146 Tib.
726 1106 910 1146 Gracch.
929 1106 981 1158 8,
1011 1106 1068 1150 32
1105 1099 1322 1162 Σπόριόν
1352 1119 1456 1147 τινα
1484 1101 1784 1161 Ποστούμιον
1817 1105 2020 1160 λέγουσιν
2056 1103 2205 1147 α’ίτιον
2235 1107 2382 1159 γενέσ-

293 1183 385 1226 θαι
402 1215 411 1233 ,
443 1180 684 1236 ἡλικιώτην
714 1184 796 1227 τοῦ
832 1185 1039 1243 Τιβερίου
1056 1216 1067 1236 ,
1110 1186 1313 1239 quicquid
1342 1192 1411 1228 est
1438 1185 1663 1228 meliorum
1691 1187 1895 1227 librorum
1923 1186 2052 1226 scribi
2080 1185 2205 1227 iussit
2235 1183 2382 1227 αἴτιον

295 1265 510 1319 γενέσθαι
538 1266 755 1320 λέγουσιν.
805 1267 938 1307 Porro
964 1267 1068 1308 vide
1097 1267 1202 1307 mihi
1221 1266 1349 1308 Num.
1368 1266 1420 1318 3,
1442 1266 1498 1312 23
1526 1255 1583 1318 ἦν
1613 1265 1658 1308 δὲ
1689 1260 1856 1314 πόλεως
1883 1265 1967 1321 μὲν
1996 1261 2021 1307 ὁ
2043 1263 2205 1320 Νομᾶς
2234 1267 2382 1324 ἐμφα-

296 1343 402 1392 νοῦς
421 1368 500 1394 —‚
534 1340 630 1393 υἱὸς
659 1344 706 1386 δὲ
735 1345 1044 1398 Πομπωνίου,
1078 1341 1244 1402 ἀνδρὸς
1272 1342 1726 1400 &dumphen-:ferrem
1756 1347 1890 1397 liaeo,
1920 1346 1999 1386 sed
2028 1347 2246 1400 reputanti
2275 1348 2380 1386 mihi

295 1424 499 1464 librorum
529 1425 831 1465 fluctuationes
860 1438 999 1479 nuper
1029 1425 1084 1465 ad
1114 1438 1184 1466 me
1215 1424 1467 1476 allatorum,
1504 1438 1684 1478 quornm
1716 1438 1821 1466 unus
1850 1425 2082 1478 πομπίου,
2125 1424 2232 1466 alius
2262 1438 2381 1478 πομ·

296 1499 385 1553 πὴν
403 1535 412 1552 ,
459 1502 567 1544 alius
602 1504 790 1557 denique
822 1501 1018 1558 πομπίν’
1054 1506 1154 1557 (sic)
1184 1506 1473 1560 cogitantique
1504 1518 1530 1545 ιι
1560 1506 1718 1545 ceteris
1743 1505 2023 1558 scriptoribus
2051 1504 2176 1544 Livio
2207 1503 2293 1555 40,
2325 1504 2381 1548 ‘29

296 1583 469 1625 Valerio
502 1583 562 1623 M.
588 1586 635 1635 1,
669 1585 713 1634 1,
750 1584 802 1627 12
830 1583 1007 1625 Aurelio
1038 1585 1149 1626 vict.
1170 1584 1211 1627 3.
1270 1585 1451 1625 Numam
1480 1584 1614 1624 filium
1644 1584 1729 1624 dici
1759 1584 2079 1637 Pomponis,
2117 1583 2381 1637 ῙΙομ-πιλιόυ

294 1660 560 1717 Πόμπωνος
589 1676 615 1703 a
643 1664 847 1715 Dionysio
877 1663 1244 1704 Halicarnassensi
1264 1664 1314 1715 2,
1344 1664 1401 1707 59
1430 1666 1502 1705 vix
1529 1662 1704 1705 videtur
1731 1663 1907 1704 dubium
1939 1675 2056 1712 esse,
2088 1664 2190 1715 quin
2215 1662 2381 1704 Plutar-

295 1746 399 1784 chus
437 1738 533 1791 υἱὸς
569 1740 615 1783 δὲ
646 1737 937 1796 Πόμπωνος,
985 1737 1149 1798 ἀνδρὸς
1185 1739 1421 1798 εὐδοκίμου
1456 1744 1690 1798 scripserit.
1749 1743 1925 1785 Tertius
1958 1741 2076 1783 locus
2113 1749 2180 1784 est
2214 1745 2333 1784 Arat.
2355 1745 2381 1788 2

296 1819 378 1864 τὸν
408 1821 622 1863 Κλεινίαν
653 1818 879 1863 ἀπέκτεινε
907 1845 965 1853 —
992 1845 1050 1854 —
1072 1836 1082 1847 ·
1128 1818 1267 1873 ἐζήτει
1296 1822 1342 1864 δὲ
1373 1822 1449 1865 καὶ
1480 1818 1562 1864 τὸν
1590 1818 1690 1864 υἱὸν
1719 1817 1861 1864 αὐτοῦ
1878 1852 1888 1871 ,
1921 1816 2148 1876 ’Ἁρατον,
2188 1819 2381 1864 ἀνελεῖνι

295 1904 357 1944 sic
384 1902 487 1943 libri
516 1902 699 1943 Parisini
730 1908 957 1954 quattuor,
985 1901 1214 1958 legebatur
1244 1897 1327 1944 τὸν
1356 1897 1455 1944 υἱὸν
1485 1898 1627 1944 αὐτοῦ
1657 1899 1849 1951 ἀνελεῖν,
1874 1895 2095 1957 Ἄρατον,
2129 1903 2244 1955 quod
2273 1902 2381 1945 tole·

295 1981 433 2022 rabile
465 1995 549 2020 non
580 1988 673 2030 est;
703 1982 780 2022 sed
810 1981 992 2022 alterum
1023 1995 1195 2034 quoque
1225 1988 1468 2036 suspectum
1497 1982 1644 2024 reddit
1669 1981 1874 2022 librorum
1906 1981 2214 2036 discrepantia,
2247 1988 2292 2023 ut
2311 1983 2382 2023 hic

298 2075 469 2114 quoque
509 2063 698 2100 incertae
736 2061 853 2101 sedis
887 2060 1144 2101 vocabulum
1183 2057 1326 2102 αὐτοῦ
1364 2061 1596 2103 delendum
1634 2073 1731 2103 esse
1766 2061 1973 2115 suspicer.
2041 2062 2226 2113 Quartus
2263 2061 2381 2103 locus

299 2147 364 2181 est
382 2142 500 2182 Bruti
533 2155 569 2180 c.
594 2142 611 2183 1
650 2138 836 2189 τοῦτον,
870 2135 1114 2194 οἰκονόμου
1143 2135 1243 2182 υἱὸν
1273 2134 1387 2181 ὄντα
1407 2137 1641 2196 Βρούτου,
1674 2134 1782 2195 ἄρτι
1811 2139 1886 2180 καὶ
1906 2135 2063 2194 πρώην
2091 2142 2152 2187 εὶς
2181 2134 2382 2196 ἄρχοντα

296 2218 565 2275 προελθεῖνε
593 2220 712 2274 prior
741 2221 884 2260 hiatus
915 2225 963 2260 ut
992 2221 1034 2260 in
1054 2220 1277 2261 vocabulis
1296 2232 1412 2273 quae
1443 2234 1570 2261 unam
1598 2221 1818 2261 notionem
1848 2219 2043 2260 efficiunt
2071 2232 2154 2259 non
2187 2220 2381 2272 effendit,

296 2300 352 2338 cf.
383 2298 546 2353 Poplic.
571 2298 651 2350 19,
683 2299 732 2342 21
776 2301 905 2354 Ages-
926 2298 1005 2349 34,
1035 2300 1092 2343 36
1138 2302 1256 2340 Brut.
1278 2298 1333 2342 525
1379 2300 1506 2340 Dion.
1525 2299 1582 2342 26
1619 2301 1738 2340 Arat.
1759 2299 1787 2343 2
1826 2299 1984 2340 Othon-
2005 2300 2061 2350 5,
2102 2298 2282 2340 alterum
2312 2313 2380 2340 su-

297 2384 490 2431 spectum
519 2379 667 2418 reddit
696 2379 878 2419 obscura
908 2391 959 2418 ac
987 2379 1164 2419 multum
1195 2379 1449 2419 addubitata
1477 2379 1721 2419 sententiae
1749 2377 1876 2428 ratio,
1904 2383 2101 2418 removet
2130 2377 2270 2418 facilis
2290 2391 2381 2418 cor-

295 2458 431 2496 rectio
463 2454 688 2511 Βροῦτον.
760 2457 958 2509 Denique
995 2457 1117 2498 Alex.
1146 2453 1414 2509 20,”46·ὠς
1447 2455 1494 2497 δὲ
1533 2452 1616 2496 εἶδε
1648 2456 1733 2509 μὲν
1768 2451 1897 2497 ὅλκια
1934 2454 2008 2496 καὶ
2046 2451 2271 2511 κρωσσοὺς
2306 2458 2382 2498 καὶ

296 2534 486 2583 πυέλους
515 2534 591 2576 καὶ
621 2530 967 2590 ἀλαβάστρους,
1014 2532 1168 2577 πάντα
1194 2533 1391 2593 χρυσοῦ,
1437 2531 1664 2589 ἠσκημένα
1694 2532 1913 2591 περιττῶς
1948 2534 2083 2574 habet
2111 2535 2172 2574 sic
2199 2536 2380 2588 scriptus

295 2613 457 2667 aliquid
495 2614 684 2655 insolens
722 2620 953 2668 potestque
991 2614 1122 2655 facile
1161 2617 1216 2655 ud
1255 2617 1409 2656 iustam
1448 2604 1659 2656 rationein
1697 2615 1896 2656 revocari
1935 2613 2187 2669 corrigendo
2226 2609 2380 2655 πάντα

290 2691 461 2749 χρυσοῦ
490 2694 565 2733 καὶ
592 2690 821 2747 ἠσκημένα
848 2693 1090 2749 περιττῶς,
1124 2696 1239 2746 quod
1257 2694 1388 2735 video
1416 2694 1547 2735 etiam
1565 2692 1846 2738 Bemelerum
1870 2705 1915 2748 p.
1936 2689 2020 2738 364
2042 2692 2377 2735 commendasse.

498 2774 653 2813 Nescio
694 2787 821 2826 qnam
860 2787 968 2814 vere
1009 2787 1091 2829 ego
1128 2774 1258 2825 Tibi,
1302 2774 1361 2814 mi
1391 2773 1583 2828 Sanppi,
1628 2773 1741 2815 haec
1775 2771 2015 2827 disputasse
2047 2771 2228 2812 videor:
2273 2772 2377 2812 mihi

291 2852 466 2903 quidem
513 2853 598 2892 hoc
636 2853 851 2907 singulare
892 2854 1050 2894 accidit
1064 2867 1085 2905 ,‘
1126 2860 1175 2894 ut
1213 2867 1342 2906 quum
1380 2866 1434 2894 eo
1474 2853 1615 2894 animo
1655 2852 1713 2894 ad
1750 2851 1979 2894 dicendum
2020 2850 2074 2892 de
2114 2850 2198 2891 boc
2235 2851 2375 2892 histum

286 2944 450 2986 genere
482 2932 755 2973 accessissem
772 2960 785 2983 ,
830 2937 877 2974 ut
904 2931 1144 2988 legitimum
1175 2944 1272 2975 esse
1303 2931 1616 2986 concederem,
1660 2931 1764 2974 dum
1790 2929 1980 2988 singulos
2008 2931 2247 2972 accuratius
2274 2943 2373 2972 con-
