2572 3313
1079 132 1192 137 --..
1280 101 1325 152 ,ι
1415 130 1530 138 ..-

254 226 302 266 id
331 239 436 267 vero
466 227 567 280 quin
596 228 827 285 contigerit
851 228 1074 283 EmperIo.
1122 227 1213 270 Sed
1240 228 1347 269 mihi
1374 228 1490 283 quod
1514 232 1692 284 praeter
1710 232 1882 269 eeteros
1905 231 2182 285 praecipuam
2204 242 2353 285 quam·

256 306 355 347 dam
391 305 531 348 luctus
569 313 739 362 partem
777 309 951 349 vindico
990 323 1073 349 nec
1111 309 1310 361 cuiquam
1351 323 1449 351 eum
1488 307 1748 350 flebiliorem
1787 308 1947 350 obiisse
1987 311 2200 352 contendo
2237 312 2351 352 facio

253 391 490 441 propterea
511 388 628 440 quod
654 390 874 430 neminem
904 389 992 428 scio
1020 402 1203 441 quocum
1222 388 1298 430 vel
1326 389 1487 431 diutius
1506 388 1581 431 vel
1610 387 1864 429 familiarius
1894 390 2190 441 eonsueverit,
2220 395 2268 432 ut
2294 403 2351 433 ne

256 466 308 507 F.
329 468 673 526 Bambergero
696 469 870 523 quidem
891 467 965 510 vel
986 468 1040 510 G.
1062 468 1463 511 Schneidewino
1488 470 1701 526 potiorem
1727 467 1870 510 locum
1897 467 2146 510 concedam.
2186 468 2353 511 Doctri-

243 554 338 588 ‘uae
361 549 496 603 copiis
516 549 589 590 vel
619 549 782 604 ingenii
813 550 1009 590 acumine
1038 550 1259 605 conspicui
1285 549 1409 591 multi
1435 555 1535 593 sunt
1551 563 1566 591 ι
1594 550 1727 592 multo
1753 549 1892 590 rarius
1917 550 2115 590 invenias
2134 549 2178 589 in
2199 549 2354 602 quibus

256 628 440 669 accedat
478 629 608 669 animi
648 629 837 680 candor,
881 629 1021 681 fides,
1065 629 1344 684 simplicitas,
1388 630 1581 681 veritas,
1625 629 1794 684 pudor,
1838 630 2040 680 castitas,
2086 630 2241 683 quibus
2280 629 2355 669 ubi

256 708 513 749 modestiam
561 709 783 749 addideris
822 722 964 749 raram
1010 715 1084 761 et,
1113 715 1181 750 ἰιι
1217 723 1331 751 nunc
1369 715 1467 751 sunt
1503 710 1723 750 hominum
1761 721 1932 760 mores,
1975 709 2047 749 vix
2086 707 2355 759 credibilem,

254 788 745 829 fateberisconiunctas
776 790 853 829 has
883 790 1068 830 virtutes
1097 790 1142 830 in
1172 803 1255 830 uno
1287 791 1435 830 amicis
1463 790 1605 831 subito
1637 790 1779 844 erepti
1807 788 2000 843 Emperii
2027 786 2168 829 luctus
2197 801 2249 828 ae
2278 787 2356 829 de-

255 868 409 910 siderii
449 881 598 910 causas
634 869 851 923 praebere
888 869 1170 923 iustissimas,
1212 883 1297 912 non
1335 875 1383 912 ut
1420 869 1603 920 doctum,
1630 874 1677 911 et
1714 873 1884 914 acutum
1923 873 1968 911 et
2005 868 2273 925 ingeniosum
2310 868 2354 908 iu

255 950 405 1005 paucis
424 950 564 990 virum
585 949 883 991 desideremus
899 978 913 1003 ‚
943 948 1023 992 sed
1042 954 1092 993 ut
1110 950 1326 992 hominem
1342 978 1355 1004 ,
1388 963 1472 1005 quo
1492 962 1584 1007 ‚ego
1615 949 1791 1004 quidem
1816 949 1961 991 fateor
1986 961 2056 990 me
2084 962 2171 990 non
2200 961 2355 1006 cogno-

257 1031 373 1072 visse
403 1029 646 1072 meliorem.

464 1112 620 1153 Redeo
652 1111 709 1153 ad
737 1113 890 1163 vivos3
934 1127 1113 1166 quorum
1144 1127 1237 1155 cum
1267 1112 1374 1155 alios
1404 1111 1560 1155 multos
1590 1125 1712 1155 caros
1740 1112 1948 1169 imprimis
1978 1117 2026 1154 et
2054 1112 2212 1153 amicos
2241 1110 2357 1152 viros

256 1193 483 1248 superiore
514 1205 624 1232 auno
651 1192 847 1234 Dresdae
873 1193 966 1234 vidi
993 1206 1089 1236 cum
1113 1194 1350 1235 laetissima
1374 1195 1579 1247 antiquae
1607 1193 1913 1234 familiaritatis
1938 1192 2241 1235 recordatione
2266 1196 2356 1232 tum

255 1279 328 1325 te,
360 1274 579 1314 carissime
611 1273 834 1327 Sauppi‚
867 1274 985 1314 cuius
1016 1288 1169 1330 magno
1202 1280 1248 1315 et
1277 1274 1478 1315 diuturno
1508 1275 1693 1316 tenebar
1722 1273 1958 1315 desiderio.
1997 1273 2063 1314 Te
2085 1273 2199 1314 enim
2220 1272 2357 1313 tribus

254 1356 352 1395 fere
381 1353 527 1394 lustris
557 1367 611 1394 ex
641 1366 725 1405 quo
756 1353 824 1394 Tu
855 1354 1060 1394 Turicum
1088 1360 1268 1396 vocatus
1298 1368 1350 1395 ex
1379 1355 1520 1408 patria
1548 1354 1646 1395 Tua
1681 1355 1852 1396 abieras
1880 1354 2062 1395 videndi
2093 1352 2214 1395 nulla
2249 1352 2356 1395 mihi

256 1435 498 1489 contigerat
536 1434 831 1487 opportunitas
848 1461 860 1484 ‚
904 1433 1103 1475 laetabar
1139 1447 1247 1476 vero
1285 1434 1400 1487 quod
1437 1434 1609 1488 scriptis
1642 1433 1899 1479 doctissimis
1938 1432 2163 1488 praeclare
2192 1432 2259 1474 Te
2300 1431 2356 1472 de

254 1514 414 1556 litteris
434 1514 595 1555 mereri
614 1512 819 1555 videbam
840 1519 886 1555 et
906 1519 1057 1557 cetera
1077 1516 1253 1570 egregie
1273 1514 1496 1556 cordatum
1518 1512 1693 1567 meique
1720 1527 1806 1555 non
1834 1515 2129 1557 immemorem
2144 1512 2357 1556 sciebam·

256 1596 370 1636 Mihi
399 1594 575 1636 interim
603 1595 649 1634 in
679 1594 823 1648 patria
852 1594 961 1635 urbe
993 1595 1167 1645 minime
1198 1608 1294 1638 eum
1312 1595 1474 1637 vetusti
1502 1593 1905 1649 splendore-frutici
1931 1592 2210 1649 comparabili
2236 1591 2357 1635 litte-

254 1689 327 1717 ras
363 1674 552 1715 docendi
589 1674 808 1730 obtigerat
843 1674 1095 1728 provincia,
1140 1674 1391 1716 acciderant
1426 1673 1547 1717 laeta
1578 1675 1805 1721 commista
1840 1675 2033 1716 tristibus
2068 1679 2117 1716 et
2145 1672 2356 1723 adversis,

257 1761 306 1798 ut
343 1761 443 1797 sunt
479 1768 553 1796 res
591 1754 849 1798 mortalium.
908 1756 1031 1797 Haec
1064 1760 1197 1809 atque
1223 1753 1326 1796 alia
1359 1760 1463 1810 post·
1494 1756 1656 1811 primos
1692 1754 1938 1810 complexus
1976 1753 2357 1797 contabulsbamur

258 1836 547 1888 dicebamque
578 1835 680 1875 Tibi
718 1847 813 1875 eam
852 1847 949 1876 esse
987 1848 1135 1876 rerum
1172 1847 1366 1876 mearum
1403 1836 1646 1887 rationem,
1688 1841 1738 1876 ut
1771 1834 2029 1876 nihil-esset
2058 1834 2176 1888 quod
2202 1846 2355 1888 magno

258 1928 394 1970 opere
423 1916 693 1968 requirerem
722 1914 795 1956 vel
834 1915 1079 1957 inviderem
1114 1914 1211 1956 aliis
1246 1914 1354 1957 locis
1382 1916 1518 1971 magis
1547 1916 1786 1970 conspicuis
1812 1916 2085 1967 constitutis,
2128 1915 2211 1955 nisi
2242 1913 2356 1967 quod

258 2010 392 2053 aegre
426 1996 590 2037 ferrem
630 2000 677 2038 et
713 1995 966 2051 indignarer
1000 1996 1345 2038 mediocritatem
1381 1975 1505 2038 illam'
1538 2009 1681 2039 meam
1717 1995 1793 2039 vel
1826 1997 1970 2051 potius
1997 1994 2355 2046 imbecillitatem,

256 2090 338 2131 per
375 2090 502 2129 quam
541 2077 651 2117 mihi
687 2089 774 2116 non
812 2075 950 2117 licere
987 2077 1286 2129 conquerebar
1315 2077 1432 2118 Tuas
1469 2076 2038 2128 aemularis-‚eternumque
2070 2075 2145 2128 qni
2175 2075 2358 2117 aderant

259 2158 492 2198 amicorum
518 2155 689 2197 laudes.
740 2155 852 2218 illud
881 2170 1011 2197 unum
1042 2156 1259 2198 addebam
1289 2157 1461 2212 erigere
1491 2161 1538 2200 et
1566 2157 1820 2198 confirmare
1839 2157 2038 2197 ¹animum
2068 2167 2211 2197 meum
2240 2154 2361 2208 quod>

257 2242 323 2278 tot
351 2250 404 2278 ac
431 2243 520 2278 tam
548 2235 796 2292 praeclaros
825 2237 942 2277 viros
970 2237 1166 2279 Dresdae
1197 2242 1293 2278 tum
1316 2241 1599 2293 congregatos
1628 2236 1940 2279 benevolentia
1976 2241 2022 2279 et
2057 2236 2247 2277 amicitia
2281 2248 2360 2278 sua

258 2330 330 2358 me
367 2317 535 2372 dignari
570 2317 798 2368 viderem,
844 2330 1025 2370 quorum
1061 2317 1241 2359 fuerunt
1278 2318 1353 2370 qui
1390 2316 1465 2358 vel
1498 2316 1557 2359 de
1585 2330 1725 2372 opera
1757 2330 1858 2360 mea
1885 2318 1930 2358 in
1959 2316 2361 2372 Plutarchoposita

259 2399 364 2440 satis
399 2399 637 2440 honorifice
675 2400 901 2440 sentirent.
960 2399 1025 2440 Ac
1060 2398 1117 2440 de
1155 2398 1387 2440 Plutarcho
1428 2399 1605 2453 quidem
1640 2399 1699 2441 ad
1737 2399 1869 2441 finem
1906 2397 2186 2453 perducendo
2227 2399 2360 2441 etiam

257 2479 326 2521 Tu
356 2480 629 2534 quaerebas:
670 2492 751 2536 ego
780 2492 886 2521 vero
915 2478 1235 2535 respondebam
1263 2478 1371 2522 illud
1398 2483 1557 2536 poetae
1588 2478 1710 2540 φιλεῖ
1730 2473 1823 2536 ,γὰρ
1855 2474 2000 2522 ὀκνεῖν
2028 2473 2207 2535 πρᾶγμ’
2241 2471 2358 2535 ἀνὴρ

258 2555 476 2615 πράσσων
510 2562 630 2614 μέγα
666 2560 968 2613 addebamque
1006 2573 1092 2602 nec
1131 2562 1208 2601 otii
1251 2560 1424 2602 abunde
1469 2562 1579 2602 mihi
1619 2573 1869 2606 eoueusum
1895 2573 2005 2602 esse
2043 2565 2091 2602 et
2129 2560 2359 2615 plurimun

256 2645 523 2681 consumtum
551 2641 758 2694 temporis
790 2645 836 2682 et
864 2654 1027 2695 operae
1055 2642 1103 2682 in
1130 2641 1436 2695 pertractanda
1463 2639 1540 2682 ins
1566 2641 1824 2694 quaestione
1852 2653 1967 2694 quae
1998 2645 2117 2682 esset
2143 2639 2203 2680 de
2232 2639 2357 2680 hiatu

255 2721 330 2762 vel
368 2721 556 2762 admisso
588 2734 614 2761 a
642 2720 872 2761 Plutarcho
911 2721 986 2763 vel
1021 2735 1110 2763 non
1148 2721 1349 2764 admisso.
1408 2722 1649 2764 Miraberis·
1668 2721 1737 2763 Tu
1766 2722 1883 2775 quod
1917 2726 2083 2765 tantum
2120 2720 2359 2763 tribuerem

254 2801 308 2841 E.
338 2801 564 2842 Benseleri
599 2801 826 2842 familiaris
866 2801 1082 2853 quondam
1118 2803 1255 2843 nostri
1294 2801 1350 2843 de
1386 2815 1440 2843 eo
1481 2807 1732 2858 argumento
1764 2801 2155 2857 disputationibus,
2201 2800 2355 2854 quibus

254 2880 357 2923 Tibi
387 2881 563 2936 quidem
593 2882 649 2924 de
680 2882 975 2927 Demosthene
1015 2880 1192 2926 dicebas
1228 2895 1482 2940 persuasum
1509 2895 1596 2931 non
1628 2895 1742 2928 esse.
1799 2881 1866 2927 De
1898 2894 1982 2938 quo
2014 2886 2062 2925 ut
2090 2878 2223 2924 facile
2253 2878 2356 2922 Tibi
